2558 4022
117 215 152 288 L]
523 211 630 267 LIBER
651 212 686 268 11.
1017 205 1079 271 221

117 376 163 442 Vt
177 396 301 462 magus,
317 375 350 440 et
363 373 459 439 modo
474 395 525 438 me
537 372 656 439 Thebis
666 373 761 439 modo
769 374 1016 459 ponitAthenis.

117 461 239 545 Verum
261 481 320 546 age
341 457 460 542 ethis,
483 458 538 542 qui
560 479 593 523 00
615 459 727 524 lectori
748 458 874 545 credere
895 460 1019 525 malunt

118 546 221 623 Quam
243 543 433 630 spectatoris
453 542 583 608 fastidia
602 543 686 608 ferre
708 543 850 627 superbi,
1030 556 1079 606 210

118 629 236 696 duram
256 629 353 694 redde
374 628 517 710 brevem,
540 627 568 692 si
581 649 697 692 munus
711 627 863 711 Apolline
885 627 1018 713 dignum

118 714 177 779 Vis
199 713 349 798 conplere
371 712 462 777 libris
484 712 663 777 stratibus
685 711 799 777 addere
822 712 940 795 calcar,

118 797 164 862 Vt
185 798 292 863 studio
313 796 433 862 maiore
454 799 566 894 petant
586 795 743 862 Helicona
763 796 927 862 virentem.

118 882 222 948 Multa
243 881 370 966 quidem
390 880 485 946 nobis
506 881 641 946 facimus
662 881 748 946 maia
769 902 863 978 saepe
907 883 1011 964 cetae,

117 966 165 1033 Vt
184 967 292 1032 vineta
314 969 443 1052 egomet
462 965 592 1031 caedam
612 987 697 1049 mea,
720 986 793 1031 cum
813 964 874 1030 trbi
910 965 1011 1031 'brum
1030 978 1082 1028 220

119 1051 265 1118 Sollicito
288 1050 398 1116 damus
420 1053 476 1114 aut
494 1050 596 1135 fesso,
619 1071 691 1115 curn
712 1049 882 1133 laedimur,
903 1072 1003 1115 unum

119 1135 225 1220 Siquis
248 1136 453 1201 amicorumst
473 1155 568 1200 ausus
585 1133 815 1219 reprehendere
836 1155 976 1220 versum3

119 1219 201 1287 Cum
223 1220 294 1285 loca
314 1220 378 1284 iam
398 1220 532 1284 recitata
551 1220 743 1285 revolvimus
764 1219 954 1304 inrevocati3

119 1303 201 1372 Cum
222 1304 447 1388 lamentamur,
467 1324 535 1369 non
557 1303 710 1388 adparere
730 1303 855 1368 labores

118 1389 256 1455 Nostros
278 1391 311 1453 et
331 1388 421 1453 tenui
442 1387 577 1453 deducta
597 1389 745 1472 poemata
766 1387 836 1486 filo,
1031 1400 1082 1450 220

119 1472 201 1539 Cum
223 1494 386 1559 speramus
407 1494 445 1537 00
466 1493 534 1537 rem
548 1476 729 1555 venturam,
751 1475 788 1537 ut
808 1473 903 1537 simul
923 1475 1019 1556 atque

119 1559 269 1626 Carmina
290 1557 434 1623 rescieris
455 1577 514 1622 nos
536 1557 672 1642 fingere,
694 1556 880 1622 commodus
900 1557 987 1622 ultro

118 1644 271 1709 Arcessas
294 1645 327 1707 et
347 1662 441 1727 egere
462 1644 550 1707 vetes
572 1645 605 1708 et
625 1642 763 1707 scribere
784 1662 891 1727 cogas.

120 1726 183 1794 Sed
203 1730 312 1792 tamen
327 1730 376 1790 est
390 1747 505 1810 operae
526 1726 664 1811 pretium
678 1747 887 1811 cognoscere,
909 1725 1018 1810 quales

118 1811 276 1877 Aedituus
297 1810 414 1876 habeat
434 1810 510 1876 belli
532 1814 674 1896 spectata
695 1811 844 1895 domique
1031 1822 1082 1872 200

119 1896 247 1980 Virtus,
269 1895 403 1981 indigno
423 1916 491 1960 uon
513 1895 730 1961 committenda
750 1900 873 1981 poetae.

119 1980 237 2046 Gratus
257 1979 442 2046 Alexandro
463 1980 533 2066 regi
554 1978 674 2065 Magno
695 1980 757 2045 fuit
777 1980 833 2045 ille

119 2065 302 2149 Choerilus,
324 2065 453 2130 incultis
475 2064 530 2148 qui
550 2064 694 2129 versibus
715 2066 749 2128 et
768 2066 852 2128 male
873 2064 957 2129 natis

118 2149 256 2216 Rettulit
277 2153 440 2233 acceptos,
461 2148 568 2235 regale
589 2149 762 2231 nomisma,
784 2147 960 2244 Philippos.

119 2233 183 2300 Sed
204 2234 304 2299 veluti
324 2236 462 2299 tractata
482 2236 593 2298 notam
613 2233 779 2316 labemque
800 2235 969 2298 remittunt
1032 2243 1082 2295 230

117 2320 323 2401 Atramenta,
344 2317 411 2383 fere
434 2317 604 2402 scriptores
627 2317 766 2382 carmine
787 2316 881 2382 foedo

120 2401 294 2488 Splendida
314 2402 401 2469 facta
421 2402 536 2467 linunt.
580 2400 670 2466 Idem
690 2421 747 2465 rex
767 2400 837 2485 ille,
858 2420 973 2485 poema

120 2487 183 2564 Qui
203 2490 272 2551 tam
293 2487 461 2552 ridiculum
481 2489 548 2551 tam
570 2507 642 2550 care
662 2484 816 2571 prodigus
838 2485 930 2568 emit,

117 2571 236 2637 Edicto
257 2571 373 2656 vetuit,
395 2571 509 2656 nequis
531 2591 564 2635 se
585 2573 711 2654 praeter
732 2571 880 2655 Apellem

119 2656 286 2741 Pingeret,
308 2659 364 2720 aut
384 2656 465 2721 alius
485 2655 626 2741 Lysippo
649 2655 779 2721 duceret
799 2676 871 2720 aera
1033 2666 1084 2716 240

119 2740 227 2806 Fortis
248 2739 424 2805 Alexandri
445 2740 567 2806 voltum
589 2740 780 2805 simulantia.
825 2738 946 2815 Quodsi

119 2824 277 2890 Iudicium
299 2825 415 2889 subtile
436 2824 581 2889 ridendis
602 2823 722 2889 artibus
744 2822 822 2889 illud

119 2909 173 2975 Ad
193 2909 294 2974 libros
314 2912 349 2974 et
369 2910 409 2973 ad
430 2908 509 2975 haec
529 2909 694 2975 Musarum
715 2906 800 2973 dona
819 2928 964 2974 vocares:

119 2993 279 3060 Boeotum
299 2994 334 3058 in
356 3014 462 3059 crasso
483 2995 603 3059 iurares
624 3014 696 3058 aere
716 2996 836 3058 nalum.

119 3080 290 3161 Atneque
312 3078 504 3144 dedecorant
523 3081 579 3144 tua
601 3078 639 3143 de
662 3099 695 3143 00
716 3078 833 3144 iudicia
854 3081 949 3161 atqm
1033 3087 1083 3139 240

119 3162 270 3245 Munera,
292 3184 373 3247 quae
393 3163 494 3228 multa
514 3162 620 3227 dantis
642 3184 714 3227 cum
735 3162 828 3228 laude
848 3163 991 3227 tulerunt

119 3245 240 3313 Dilecti
260 3246 321 3311 tibi
340 3246 502 3332 Vergilius
524 3245 702 3331 Variusque
744 3250 850 3329 cetae,

120 3330 190 3397 Neo
211 3332 315 3418 magis
337 3332 478 3429 expressi
498 3331 604 3396 voltus
625 3352 683 3416 per
747 3351 826 3395 enea
847 3330 955 3415 signa,

120 3415 224 3491 Quam
245 3437 303 3500 per
322 3418 404 3481 satra
426 3436 506 3500 opus
527 3435 632 3480 mores
654 3415 813 3499 animique
837 3415 975 3479 virorum

120 3499 288 3566 Olaromm
311 3500 472 3585 adparent.
515 3499 584 3566 Nec
606 3521 767 3566 sermones
789 3521 849 3585 ego
871 3499 999 3564 mallem
1033 3511 1084 3560 200
