2610 4028
187 238 248 305 158
557 236 770 295 sermusvu
1100 208 1168 314 [us

184 418 217 468 45
249 403 420 489 Pauperies
440 401 544 487 epulis
562 422 692 487 regum:
717 422 793 466 nem
813 399 931 465 vilibus
952 402 1021 467 ovis

246 487 291 569 Ni
334 488 452 585 'quest
466 486 545 551 oleis
565 483 661 550 hodie
682 485 780 550 locus.
817 482 913 563 Hsud
935 485 981 550 ite
1002 485 1129 570 pridem

248 571 298 638 Ge
323 593 378 638 om
397 570 567 655 praeconis
589 573 658 634 erut
678 570 862 653 acipensere
882 589 995 635 mense

246 656 390 721 infamis.
445 653 552 731 Quid?
586 657 656 719 tum
686 651 977 802 rhombpsfflus
1009 674 1152 739 aequora

791 758 841 803 ue
905 741 921 801 t

246 824 348 889 Tutus
368 828 438 891 eret
457 822 610 888 rhombus
631 825 765 906 tutoque
786 822 911 887 ciconio
929 821 1006 886 nido
1012 872 1023 906 ‚

183 922 217 973 to
247 907 359 975 Donec
379 929 438 974 vos
458 911 571 973 auctor
592 906 702 971 docuit
721 907 909 991 praetorius.
951 905 1040 991 Ergo

246 992 353 1078 Siquis
372 1013 459 1057 nunc
479 1010 607 1077 mergos
629 1011 741 1055 sueves
763 990 896 1056 edixerit
917 1010 1021 1073 esses,

245 1076 375 1143 Purebit
395 1075 485 1161 previ
507 1075 620 1140 docilis
639 1073 789 1139 Romane
807 1075 963 1139 iuventus.

246 1160 398 1227 Sordidus
419 1160 549 1225 uteriui
569 1159 656 1224 victu
677 1158 823 1242 distabit,
845 1158 952 1223 Ofello

244 1244 367 1310 Iudice:
389 1265 466 1309 nom
486 1243 605 1309 frustm
624 1243 739 1308 vitium
759 1243 906 1308 vitaveris
927 1242 1023 1326 illud,

181 1342 214 1394 oo
247 1328 281 1395 Si
303 1332 336 1393 te
357 1329 421 1393 elio
442 1349 577 1412 pravum
598 1327 777 1391 detorseris.
819 1325 1011 1410 Avidienus,
1166 1402 1174 1411 ι

245 1413 306 1479 Oui
327 1411 425 1479 Oanis
446 1432 486 1477 ex
507 1432 582 1478 vero
604 1411 724 1477 dictum
746 1431 925 1496 cognomen
946 1410 1113 1496 adhaeret,

245 1496 471 1595 Quinquennes
493 1496 580 1561 oleas
603 1497 706 1560 estet
726 1494 884 1560 silvestria
905 1516 1018 1580 cornu,

244 1587 293 1648 Ac
313 1583 377 1647 msi
397 1583 555 1647 mutatum
575 1579 679 1664 percit
700 1578 871 1645 defundere
891 1580 1015 1663 vinum,
1038 1583 1073 1645 et

244 1665 343 1731 Cuius
364 1665 494 1731 odorem
515 1664 578 1729 olei
598 1685 622 1728 11
662 1683 738 1728 uees
758 1663 913 1748 perferre,
936 1663 1046 1729 licebit

180 1763 214 1813 eo
245 1749 305 1815 Ille
325 1750 464 1834 repotia,
485 1748 608 1814 neteles
664 1748 748 1813 'esve
769 1747 892 1813 dierum

242 1834 354 1899 Festos
376 1833 501 1898 albatus
522 1832 675 1916 celebret,
698 1852 797 1897 cornu
817 1833 886 1916 ipse
908 1831 1017 1897 bilibri

244 1917 395 1983 Geulibus
415 1916 568 2000 instillet,
588 1917 706 1981 veteris
726 1937 794 1981 non
814 1937 929 2002 parcus
951 1916 1043 1981 aceti.

243 2000 337 2078 Quali
358 2001 457 2099 igitur
477 2001 565 2066 victu
585 2022 621 2065 se
643 2001 713 2066 iens
734 2003 856 2083 utetur,
879 2000 1047 2065 ethorum

242 2084 358 2151 Vtrum
376 2084 576 2151 imitabitur?
645 2106 681 2150 ae
702 2087 817 2170 urguet
837 2085 946 2170 lupus,
968 2084 1143 2169 hacconis,

786 2169 885 2234 aiunt.

77 2280 86 2287 ·
178 2267 212 2317 oo
241 2253 380 2321 Mundus
402 2258 475 2338 erit,
497 2275 561 2338 que
580 2275 648 2319 non
667 2252 809 2318 offendet
830 2253 991 2336 sordibus,
1013 2256 1110 2338 utque

241 2337 282 2403 In
294 2342 440 2404 neutrum
453 2342 576 2422 purtem
588 2338 692 2403 cultis
708 2338 813 2402 miser.
843 2337 905 2402 Hic
915 2358 1020 2421 neque
1030 2338 1142 2421 servis,

241 2423 355 2488 Albuti
375 2424 461 2488 senis
481 2423 643 2506 exemplo,
666 2422 742 2487 dum
763 2421 873 2486 munio
894 2421 988 2504 didit,

243 2505 360 2572 Saevus
382 2508 458 2591 erit,
485 2527 546 2571 nee
567 2507 614 2571 sic
634 2509 674 2570 ut
692 2506 828 2590 simplex
849 2504 989 2570 Naevius
1009 2507 1141 2570 unctum
1180 2528 1185 2537 ·

242 2589 392 2657 Convivis
423 2589 590 2675 praebebit
616 2611 747 2674 equum:
782 2590 895 2654 vitium
926 2587 989 2654 hoe
1016 2610 1141 2674 quoque

783 2695 946 2758 magnum.

177 2768 212 2821 to
242 2757 363 2842 Accipe
376 2780 478 2843 nune,
499 2759 603 2824 vietus
616 2759 722 2823 tenuis
741 2778 822 2907 (puae
837 2762 1018 2843 quanteque
1032 2778 1139 2822 secum

240 2841 384 2907 Adferat.
428 2841 600 2926 Inprimis
621 2843 727 2923 voleus
771 2863 844 2908 ene:
865 2864 942 2907 num
962 2841 1069 2906 verice
1089 2863 1139 2906 res

239 2924 285 2990 Vt
305 2930 444 2992 noceunt
463 2924 603 3011 homiui,
626 2926 751 3008 eredas,
779 2947 902 2992 memor
926 2926 1013 2990 illiue
1036 2946 1139 3007 escae,

206 3046 209 3051 ι
240 3007 329 3085 Quae
350 3010 486 3094 simplex
507 3010 585 3075 olim
605 3010 665 3075 tibi
686 3010 817 3109 sederit²
840 3014 874 3075 ut
895 3010 990 3074 simul
1012 3009 1094 3074 assis

240 3093 406 3158 Miscueris
428 3094 525 3178 elixo,
547 3094 642 3160 simul
664 3092 833 3177 conchyhe
851 3095 972 3178 turdis,

175 3189 209 3241 vo
241 3176 356 3242 Dulcia
370 3198 404 3244 se
418 3178 453 3242 in
474 3178 573 3244 bilem
585 3182 712 3244 vertent
725 3178 951 3262 stomachoque
966 3178 1140 3244 tumultum

237 3261 342 3326 Lente
361 3261 444 3326 feret
463 3262 589 3346 pituitu
633 3261 748 3346 Vides,
770 3267 807 3327 ut
827 3262 966 3347 pallidus
987 3263 1093 3327 omnis

240 3343 328 3410 Oenu
348 3344 500 3443 desurgat
521 3344 638 3410 dubie?
681 3344 767 3423 Quin
789 3368 903 3431 corpus
925 3349 1078 3412 onustum

238 3427 406 3495 Hesternis
427 3429 514 3493 vitiis
535 3429 678 3493 animum
699 3451 825 3515 quoque
851 3434 1140 3516 praegravatum,

239 3512 347 3594 Atque
368 3511 481 3597 adfigit
500 3512 597 3577 humo
618 3513 744 3578 divium
764 3515 953 3599 pmdculem
975 3535 1080 3580 auree.
