2558 4022
122 236 249 308 xum]
527 235 635 292 aman
655 237 677 293 1.

121 402 238 468 Libera
255 420 317 497 per
337 419 473 465 vacuum
494 399 587 484 posui
608 398 745 560 vestiga
768 400 932 484 princeps,

121 486 199 553 Non
220 484 325 549 ahena
345 504 417 549 meo
437 484 541 569 pressi
561 483 653 568 pede.
726 483 760 547 ui
782 484 843 548 sibi
863 484 948 565 fidit,

101 638 105 647 .
122 570 197 636 Dux
217 569 302 655 regit
322 588 464 633 examen.
508 567 621 632 Parios
642 590 704 653 ego
724 568 846 652 primus
867 569 991 635 iambos

123 653 256 720 Ostendi
277 652 385 736 Latio,
407 673 556 717 numeros
579 652 765 737 animosque
787 655 913 718 secutus

121 735 325 821 Archilochi,
346 757 414 802 non
433 758 485 802 res
507 741 540 801 et
560 736 690 821 agentia
709 735 807 801 verba
827 735 1019 821 Lycamben.
1052 749 1086 800 aa

122 823 172 888 Ac
193 844 234 887 ne
256 842 308 886 me
328 821 416 887 foliis
437 821 510 885 ideo
531 820 727 886 brevioribus
749 841 858 905 ornes,

123 906 216 983 Quod
237 906 331 970 timui
352 908 475 970 mutare
496 904 609 970 modos
631 909 665 970 et
686 905 834 970 carminis
857 908 972 971 artem:

123 991 294 1076 Temperat
303 989 490 1055 Archilochi
500 1011 622 1055 musam
638 989 719 1074 pede
729 990 872 1054 mascula
882 989 1022 1074 Sappho,

124 1075 294 1160 Temperat
314 1074 468 1158 Alcaeus,
491 1074 547 1139 sed
568 1073 663 1138 rebus
685 1077 718 1138 et
739 1074 859 1139 ordine.
872 1073 995 1159 dispar,

123 1159 193 1226 Nec
207 1179 352 1224 socerum
371 1159 510 1243 quaerit,
533 1180 627 1307 poem
640 1157 783 1223 versibus
798 1158 921 1223 oblinat
934 1159 1022 1243 atris,
1052 1171 1086 1222 30
1193 1174 1196 1177 ·
1237 1160 1255 1179 ”

122 1244 193 1310 Nec
214 1264 350 1329 sponsae
372 1243 519 1327 laqueum
554 1264 664 1307 amose
686 1245 825 1307 carmine
846 1243 957 1308 nectit.

123 1328 220 1394 Hunc
241 1349 317 1414 ego,
339 1348 407 1391 non
428 1329 491 1392 alio
513 1326 633 1392 dictum
654 1328 743 1411 prius
765 1349 834 1410 ore,
856 1327 975 1393 latinus

122 1411 263 1510 Volgevi
283 1411 414 1497 fidicen3
436 1413 524 1476 iuvat
542 1412 752 1477 inmemorata
772 1413 928 1476 ferentem

1 1509 4 1578 J
123 1496 461 1595 lngenmsqoculisque
482 1496 548 1594 legi
568 1496 777 1580 manibusque
798 1496 910 1560 teneri.
1267 1536 1269 1539 -

1 1585 3 1654 l
124 1580 212 1647 Sene
233 1581 328 1663 vehs,
350 1602 421 1645 mea
443 1601 499 1644 cur
518 1583 664 1666 ingratus
686 1580 838 1665 opuscula
859 1580 961 1645 lector
1051 1592 1084 1644 35
1205 1592 1266 1603 ·’

1 1753 2 1774 ²
122 1749 200 1815 Non
221 1771 282 1847 ogo
303 1751 455 1814 ventosae
476 1749 528 1833 ple

1 1675 2 1722 ὲ
122 1664 246 1730 Laudat
260 1668 406 1749 ametque
420 1664 516 1747 domi,
529 1668 757 1834 {irgefflfgg}
770 1665 872 1814 lvrpplpjp
883 1665 1021 1749 iniquus.

1 1849 2 1888 l
121 1833 270 1919 Inpensrs
293 1854 442 1899 cenarum
464 1838 497 1898 et
517 1834 612 1899 tritae
633 1856 763 1899 munere
784 1834 897 1919 vestio,

1 1903 2 1932 ³
121 1917 200 1984 Non
222 1940 298 2003 ego,
319 1918 476 1983 nobilium
498 1919 689 2066 scriptorum
711 1918 836 1983 auditor
857 1922 890 1984 et
910 1920 1010 2003 ultor,

1 2053 2 2084 2
123 2003 356 2068 Grammaticus
378 2002 498 2067 ambire
518 2004 561 2067 tri
583 2024 620 2066 ns
643 2007 675 2067 et
696 2003 820 2088 pulpita
842 2003 973 2101 dignor:
1052 2016 1086 2066 4ο
1229 2022 1276 2103 ,ᾗ

122 2087 209 2152 Hinc
229 2088 304 2152 illae
324 2087 482 2152 lacrimae.
526 2085 657 2172 ‘Spissis
678 2087 813 2172 indigna
831 2087 980 2169 theatris,

1 2219 2 2226 κ
124 2171 193 2237 Scri
215 2175 250 2236 te
269 2170 368 2256 pudet
387 2173 522 2236 recitare
543 2174 576 2235 et
596 2171 691 2256 nugis
713 2170 827 2236 addere
848 2171 985 2255 pondus’

124 2253 160 2321 si
205 2258 211 2270 '
235 2256 263 2339 i,
286 2254 393 2320 ‘rides’
416 2257 475 2341 ait,
499 2258 543 2320 ‘et
563 2254 649 2320 Iovis
670 2254 799 2320 auribus
820 2256 884 2319 ista

124 2338 253 2406 Sernes:
275 2339 347 2404 fidis
369 2341 468 2423 enim,
489 2361 619 2404 manare
664 2340 766 2404 oetica
786 2339 884 2404 mella
1173 2344 1199 2399 ξ

123 2423 169 2489 Te
183 2425 302 2509 solum,
317 2424 378 2489 tibi
391 2424 544 2508 pulcher?
575 2423 627 2488 Ad
640 2362 726 2489 hacc
741 2445 801 2510 ego
821 2424 950 2488 naribus
971 2425 1020 2489 uti
1051 2436 1085 2488 4⁶
1116 2454 1118 2457 ·
1169 2472 1172 2475 n
1193 2458 1197 2465 „

126 2507 275 2574 Formido
298 2511 344 2591 et,
366 2508 517 2574 luctantis
539 2511 632 2573 acuto
653 2530 695 2572 ne
717 2529 805 2573 secer
825 2508 941 2594 ungui,
1150 2524 1155 2557 ὲ

126 2591 296 2676 ‘Displicet
314 2593 376 2657 iste
397 2593 498 2659 locus’
521 2593 624 2658 clamo
646 2596 678 2657 et
699 2592 818 2657 diludia
837 2614 945 2677 posco.

124 2675 232 2742 Ludus
254 2677 340 2742 enim
360 2678 473 2762 genuit
493 2677 652 2761 trepidum
672 2681 832 2742 certamen
853 2681 886 2742 et
906 2678 1001 2763 iram,

123 2759 176 2825 Ira
197 2765 302 2826 truces
323 2760 507 2826 inimicitias
529 2765 562 2826 et
582 2761 715 2826 fimebre
736 2762 864 2826 bellum.

528 2936 680 2944 ---..-

558 3052 638 3127 XX.

121 3182 335 3249 Verumnum
354 3182 545 3333 Ianumcpa
568 3183 665 3267 liber,
689 3188 832 3269 spectare
853 3185 985 3268 vicera,
1080 3210 1081 3213 κ
1111 3198 1118 3229 s
1131 3224 1141 3239 .,

123 3268 253 3334 Scilicet
272 3271 310 3333 ut
330 3272 454 3353 prostes

122 3352 228 3417 Odisti
249 3353 353 3418 clares
376 3357 409 3417 et
429 3355 522 3437 grata
543 3352 650 3437 sigilla
671 3352 802 3437 pudioo;

120 3435 235 3502 Paucis
258 3436 384 3501 ostendi
404 3437 507 3522 gemis
530 3439 562 3500 et
583 3438 765 3501 communia
785 3435 910 3519 laudas,

500 3267 640 3332 osiorum
665 3270 790 3352 pumice
811 3268 957 3333 mundus
1083 3350 1085 3353 Ι
1137 3254 1275 3369 ξ’)

119 3520 198 3587 Non'
219 3521 266 3586 ita
285 3521 434 3587 nutritus.
478 3519 582 3606 Fuge,
605 3541 668 3604 quo
691 3519 880 3585 descendere
901 3520 1017 3606 gestis:
1066 3526 1084 3595 5
1222 3519 1273 3600 p*

1049 3638 1062 3651 ν·
1107 3620 1110 3625 “
1124 3616 1167 3651 ”ῐ··’»
1187 3607 1271 3650 cort
