2570 4022
383 185 431 241 DE
449 183 835 241 malmundarium.
999 181 1086 236 LXXI

227 342 293 408 quid
311 342 380 393 dixit
397 346 447 393 aut
465 341 532 409 quid
546 340 551 405 Ι
567 338 691 405 tacuitll
709 356 725 392 o
743 332 827 391 rebus
844 339 921 391 meis.

225 410 293 476 qnid
311 411 414 461 attinet
430 407 434 476 Ι
450 413 493 460 tot
511 405 576 473 oral
593 408 705 459 navium
722 408 811 473 gravi.

126 497 233 575 Itaque
253 504 303 556 ter
322 496 425 556 tmesis
447 493 638 556 instituenda
661 490 705 573 [2,
726 495 774 553 19.
798 493 827 565 5,
843 492 896 555 45.
921 493 969 564 17,
987 487 1059 570 38]:

224 598 256 644 ut
273 592 376 659 gaudet
393 589 518 659 inleitiva
532 591 536 657 Ι
552 592 703 657 decerpens
720 606 789 657 pyra

225 676 295 726 qnae
313 660 407 712 sidera
423 656 581 728 exlcantata
595 657 601 724 1
615 675 684 712 voce
702 655 845 710 Thessala.

224 733 340 794 paratus
358 723 479 794 exipiarc
495 723 500 794 Ι
516 742 565 779 reu
582 727 752 793 poposceris.

23 832 24 837 ’
126 816 289 875 Praeterea
316 812 490 874 observavit
517 813 691 874 Meinekine
720 814 753 872 in
780 831 829 891 ep.
849 829 917 873 xv11
943 810 1088 871 Flaccum

126 898 301 959 Archilochi
316 898 454 977 exemplo
471 906 501 958 et
515 899 699 977 tragicorum
714 895 902 958 Graecorum
917 903 1087 974 permotum

126 984 291 1063 diligenter
311 982 428 1042 cavisse
450 1001 490 1042 ne
510 991 620 1061 quarta
641 981 717 1042 arsis
739 990 770 1042 et
790 982 886 1041 thesis
906 980 1013 1059 quinta
1033 1000 1086 1039 vo-

22 1060 24 1073 ’
123 1068 233 1128 cabulo
254 1069 288 1126 in
309 1067 481 1146 spondeum
502 1077 636 1127 exeunte
657 1067 899 1127 continerentur.

186 1178 294 1246 VIII.
324 1183 515 1244 Trimeter
536 1182 720 1243 iambicos
742 1182 1007 1243 catalecticos.

124 1436 301 1516 Anapaesto
325 1444 356 1495 et
369 1435 625 1514 hephthemimeri
646 1438 679 1495 in
693 1437 752 1496 hoc
766 1445 861 1496 metro
877 1435 1007 1497 Flaccus
1022 1456 1087 1496 non

123 1523 230 1582 utitur.
274 1520 376 1581 Semel
396 1520 497 1580 soluta
519 1521 607 1595 arsis,
637 1521 776 1580 simodo
802 1529 885 1582 recte
912 1539 960 1580 res
981 1519 1084 1592 habet,

125 1624 163 1678 11,
187 1607 240 1679 18,
264 1605 315 1665 34.
358 1603 505 1665 Videnda
531 1623 612 1684 qnae
638 1605 680 1665 ad
701 1605 784 1665 hunc
805 1604 906 1665 locum
932 1606 965 1664 in
988 1604 1086 1684 praef.

125 1690 307 1750 monuimus.

186 1799 313 1867 VIIII.
341 1807 515 1868 Dimeter
535 1807 719 1867 iambicus
741 1807 1086 1888 hypercatalectus

18 1972 19 1983 ἵ
124 1893 206 1953 aive
229 1893 413 1952 alcaicum
435 1891 756 1973 enneasyllabum
779 1892 934 1954 dixeris.

224 1985 636 2123 {dhaevl-ahoiahthevgeluque.

18 2130 20 2171 Ῑ
124 2142 168 2202 In
184 2153 318 2222 quarto
340 2144 598 2225 librosemper
618 2145 735 2225 longa
758 2154 814 2205 cst
829 2146 949 2224 prima
971 2143 1028 2222 (ut
1051 2152 1087 2205 et

125 2227 226 2307 apud
247 2226 447 2305 Statium),
477 2247 573 2308 qnae
595 2228 690 2288 alibi
715 2228 949 2309 plerumque.
993 2229 1085 2289 Prae·

124 2321 210 2372 terea
224 2310 398 2372 observavit
411 2312 628 2372 Lachmannus
645 2308 694 2391 [in
709 2313 798 2392 epist.
813 2312 854 2373 ad
870 2310 906 2372 (l.
916 2311 1087 2372 Frankium

125 2417 176 2475 pg.
193 2397 265 2456 239.
281 2393 357 2474 238]
380 2417 444 2457 non
466 2397 527 2457 nisi
547 2398 642 2458 semel
663 2392 698 2476 [1‚
716 2398 765 2471 26,
784 2392 839 2475 11]
862 2396 991 2457 alterum
1012 2398 1085 2457 iam·

124 2479 198 2541 hum
210 2469 301 2541 'effici
314 2481 407 2541 verbo
429 2483 464 2541 in
483 2481 617 2543 iambum
638 2489 784 2543 exeunte:
969 2513 972 2520 ·

225 2579 299 2630 hunc
314 2578 410 2631 Lesbio
429 2592 540 2631 sacrare
557 2580 679 2646 plectro;

125 2684 183 2724 nec
204 2673 328 2744 praeter
341 2665 489 2745 quosdam
509 2686 615 2727 versus
636 2667 804 2729 libratu
825 2668 976 2749 syllabam
997 2685 1086 2748 quar-

125 2759 187 2809 tam
215 2759 246 2810 et
268 2751 407 2829 quintam
435 2753 587 2813 contineri
607 2752 757 2813 vocabulo
785 2754 819 2812 in
840 2754 1012 2832 spondeum
1035 2754 1086 2814 de·

123 2835 248 2895 sinente
268 2836 332 2895 nisi
353 2846 502 2915 sequente
524 2836 736 2917 monosyllabo
758 2845 793 2896 ut
813 2846 902 2916 puta:

227 2936 333 2999 quanta
349 2934 455 2986 laboras
471 2938 498 2986 ia
516 2935 665 3000 Charybdi.

188 3029 236 3098 X.
266 3037 440 3097 Dimeter
461 3037 654 3098 iambicus.

225 3154 546 3271 amichssprvoduhrgaeulr.

125 3287 228 3348 Semel
248 3290 349 3350 soluta
370 3291 468 3369 prima
489 3294 566 3352 arsis
589 3313 637 3373 ep.
660 3294 709 3368 15,
733 3295 773 3353 24
796 3293 861 3355 ‘ast
882 3312 933 3368 eqo
955 3295 1087 3356 vicissim

124 3374 257 3449 risero';
281 3383 374 3453 atque
396 3377 440 3435 ita
460 3378 597 3438 secunda
620 3381 648 3452 2,
667 3379 717 3438 62.
748 3378 829 3438 Vide
844 3397 924 3456 quae
940 3380 972 3437 in
986 3380 1086 3459 praef.

125 3459 297 3519 notavimus
320 3460 361 3523 ad
383 3480 408 3520 o.
426 3480 459 3533 11,
479 3463 527 3534 18,
546 3465 596 3522 34.
