2600 4026
11 266 13 309 ;
122 236 225 308 vim]
513 235 621 291 num
642 235 690 296 In

189 398 252 463 ‘Me
271 400 373 462 torret
397 398 467 463 faee
487 400 598 462 mutua

228 481 363 546 Thurini
385 480 492 547 calais
514 482 598 546 filius
621 481 749 565 Ornyti,

187 566 249 630 Pro
271 587 334 649 quo
356 566 406 629 bis
427 566 534 650 patiar:
551 567 648 649 mori,
1055 577 1087 628 15

230 649 264 715 si
284 654 418 735 pareant
437 670 538 734 puero
559 650 627 714 fata
648 649 835 733 superati&

189 768 286 843 ‘Quid
304 769 333 850 si
353 769 459 852 prisea
479 767 563 831 redit
582 765 692 831 Venus

230 851 447 935 Diduetosque
467 852 544 936 iugo
567 851 654 935 aegit
675 848 819 915 aheneo?

190 935 224 1000 Si
243 936 327 1000 flava
348 937 504 1001 excutitur
525 933 627 1001 Chloe

230 1019 441 1104 Reieetaeque
461 1021 552 1104 patet
572 1020 669 1083 ianua
689 1017 843 1102 Lydiae?
1052 1031 1086 1080 20

191 1136 400 1221 ‘Quamquam
421 1137 523 1201 sidere
544 1135 707 1220 pulchrior

231 1220 335 1303 Illest,
357 1225 393 1285 tu
414 1221 515 1286 levior
536 1222 653 1286 cortice
676 1224 709 1285 et
728 1221 864 1304 inprobo

189 1305 374 1370 Iracundior
395 1305 531 1390 Hadria3

231 1389 349 1454 Tecum
369 1390 473 1453 vivere
495 1411 613 1472 amem,
635 1392 741 1454 tecum
763 1389 876 1453 obeam
897 1388 1028 1452 libenst’

530 1528 681 1539 -—-—-—--

584 1613 630 1686 X.

188 1724 375 1791 Extremum
395 1725 520 1790 Tanain
542 1727 570 1791 si
591 1727 730 1810 biberen,
752 1725 851 1809 Lyae,
960 1723 963 1729 ’

190 1808 290 1874 Saevo
312 1811 414 1894 nupta
434 1810 516 1894 viro,
540 1832 591 1875 me
611 1814 720 1875 tamen
742 1831 869 1894 asperae

231 1893 416 1959 Porrectum
438 1898 512 1958 ante
534 1895 618 1959 fores
641 1896 766 1960 obicem
787 1894 901 1958 ineolis

277 1976 422 2042 Plorares
444 1978 666 2061 Aquilonibua

188 2093 305 2179 Audis,
328 2116 390 2242 (pue
413 2095 546 2179 strepitu
567 2096 677 2179 ianua,
700 2117 763 2180 que
783 2117 896 2160 nemus
1070 2106 1087 2155 5

189 2177 279 2243 Inter
298 2177 433 2261 puchra
453 2182 558 2245 saturn
579 2183 664 2245 tecta
683 2179 843 2262 remugiat

231 2261 361 2347 Ventis,
383 2266 416 2327 et
436 2265 557 2347 positas
578 2266 616 2329 ut
635 2263 753 2349 glaciet
772 2263 863 2326 nives

278 2346 362 2411 Puro
383 2347 514 2411 numine
535 2347 699 2432 Iuppiter?

188 2463 354 2549 Ingratum
374 2463 493 2529 Veneri
512 2486 597 2549 pone
619 2465 815 2549 superbiam,

188 2547 240 2613 Ne
263 2550 408 2613 currente
429 2552 514 2614 retro
536 2549 622 2613 funis
645 2551 697 2613 eat
716 2553 802 2613 rota:
1055 2561 1087 2609 10

231 2630 308 2696 Non
328 2635 361 2696 te
382 2631 567 2716 Penelopen
588 2634 751 2698 diffieilem
772 2633 877 2717 praeis

277 2714 458 2798 Tyrrhenus
480 2717 592 2802 genuit
610 2739 737 2802 parens,

188 2833 218 2898 Ο
240 2833 383 2916 quemvis
403 2855 506 2918 neque
528 2839 560 2900 te
582 2857 714 2900 munera
734 2855 794 2898 nee
814 2855 924 2918 preces

188 2916 262 2983 Nee
281 2918 400 2982 tinctus
421 2919 506 2983 viola
526 2919 631 3003 pallor
652 2919 828 2983 amantium

232 2999 302 3066 Nee
323 3002 372 3065 vir
392 3001 498 3068 Pieria
542 3004 620 3067 elice
643 3004 767 3069 saueius
1055 3012 1087 3062 15

279 3083 412 3170 Curvat3
437 3027 632 3171 suppiieibus
653 3089 718 3152 tuis

186 3203 306 3267 Parcas
342 3225 403 3268 nee
424 3204 529 3290 rigida
548 3206 676 3270 mollier
698 3207 824 3271 aesculo

186 3286 260 3352 Nee
280 3252 401 3352 Mauris
424 3289 566 3355 animum
587 3291 695 3355 mitior
716 3291 883 3376 anguibus.

231 3369 309 3436 Nun
329 3371 392 3437 hoe
414 3394 539 3457 semper
561 3375 621 3438 erit
642 3376 761 3440 liminis
784 3377 840 3438 aut
863 3393 962 3455 aquae
1054 3382 1088 3431 20

280 3453 433 3521 Caelestis
454 3459 580 3541 patiens
603 3459 696 3524 latire.
738 3500 739 3504 =
