2600 4026
533 225 641 281 LIBER
661 226 710 283 III.
1063 221 1102 287 5?

266 387 325 452 Vis
347 387 461 452 consili
483 408 595 472 expers
616 387 700 452 mole
721 388 786 452 ruit
807 410 877 454 sua:
1073 403 1105 451 65

267 471 344 536 Vim
364 474 573 556 temperatam
596 471 628 535 di
650 492 775 555 quoque
799 472 980 557 provehunt

308 555 349 620 In
369 556 487 640 maius3
502 555 597 620 fidem
619 554 712 620 odere
734 556 818 620 vires

365 639 467 704 Omne
488 639 578 705 nefas
600 639 707 705 animo
729 644 901 706 moventes.

268 755 385 906 {lestis
407 778 549 821 mearum
572 756 770 821 centimanus
793 755 878 840 Gyas

291 841 519 924 catantiarum,
544 842 640 905 notus
662 844 694 904 et
715 841 859 925 integrae

311 923 389 988 Tem
411 927 498 988 tator
520 923 621 988 Orion
642 922 782 1007 Dianae,

364 947 520 1094 Virginea
541 1008 680 1072 domitus
702 1007 842 1096 sagitta]

268 1124 389 1190 Iniecta
409 1126 561 1191 monstris
583 1125 682 1191 Terra
703 1125 790 1191 dolet
812 1127 876 1191 suis
964 1172 965 1181 1

269 1208 452 1294 Maeretque
496 1214 584 1274 artus
606 1210 739 1275 fulmine
760 1211 898 1275 luridum

310 1293 428 1358 Missos
513 1293 644 1379 Orcum3
666 1315 726 1358 nec
747 1295 871 1378 peredit

365 1377 543 1461 Inpositam
565 1378 648 1442 celer
668 1379 755 1464 ignis
776 1379 931 1462 Aetnam,

268 1493 503 1561 Incontinentis
525 1514 584 1559 nec
605 1493 690 1578 Tityi
712 1494 798 1560 iecur

268 1577 411 1662 Reliquit
431 1580 512 1662 ales,
533 1579 694 1663 nequitiae
716 1579 840 1644 addItus

312 1661 442 1747 Custos3
465 1667 640 1727 amatorem
660 1666 820 1728 trecentae

366 1744 545 1811 Pirithoum
568 1747 718 1812 cohibent
740 1751 880 1813 catenae.

548 1892 700 1903 ———

598 2003 642 2079 V.

270 2132 366 2200 Caelo
388 2138 554 2199 tonantem
577 2135 764 2200 credidimus
786 2135 895 2200 Iovem

269 2217 429 2366 hepatem
451 2219 714 2317 praesensudivus
734 2218 905 2315 habebitur

341 2302 874 2472 uliipiiiiomigliaciihuiciiiinllilsis.

268 2501 403 2568 Milesne
426 2502 534 2571 Crassi
555 2505 690 2590 coniuge
712 2504 847 2569 barbara

269 2584 384 2671 Turpis
405 2589 536 2652 maritus
558 2589 638 2653 vixit
652 2591 684 2652 et
704 2586 859 2671 hostium,

310 2671 373 2736 Pro
398 2673 487 2737 cirria
504 2672 684 2757 inversique
705 2674 824 2738 mores!

366 2753 543 2820 Consenuit
564 2778 745 2821 socerorum
765 2757 800 2821 in
822 2757 918 2820 armis

269 2870 334 2937 Sub
355 2894 432 2958 rege
453 2871 547 2937 Medo
569 2872 695 2938 Marsus
717 2877 750 2937 et
769 2873 909 2956 Apulus,

268 2955 468 3021 Anciliorum
489 2960 521 3021 et
541 2958 680 3022 nominis
703 2961 735 3021 et
755 2959 851 3042 togae

311 3039 437 3105 Oblitus
461 3044 669 3125 aeternaeque
690 3040 821 3123 Vestae,

365 3123 524 3189 Incolumi
545 3124 622 3190 Iove
643 3128 675 3190 et
695 3125 774 3189 urbe
795 3122 920 3189 Roma?

267 3238 339 3305 Hoc
362 3245 488 3306 caverat
508 3264 600 3307 mens
621 3241 754 3327 provida
774 3241 891 3326 Reguli

267 3322 496 3391 Dissentientis
520 3326 760 3392 condicionibus

310 3407 426 3474 Foedis
448 3414 481 3474 et
501 3412 645 3495 exemplo
666 3410 822 3475 trahentis

364 3492 542 3559 Perniciem
563 3495 694 3560 veniens
715 3496 898 3577 inaevum,
