2570 4022
180 218 260 274 XXII
550 218 765 277 PRAEFATIO.
788 268 789 273 ,

179 379 275 450 mine,
303 378 479 459 insequenti
507 380 632 440 invocet
654 377 816 459 Oslliopen
843 380 941 460 ipsam
962 389 997 441 ut
1017 380 1145 461 longum

179 462 239 522 sibi
254 461 371 524 diceret
383 464 494 540 melos3
519 465 590 544 quis
610 465 692 525 enim
713 464 822 524 melius
843 465 935 525 sciret
947 465 1047 537 Musa,
1070 466 1145 546 quid

179 547 277 626 lyrico
306 556 386 608 esset
408 556 513 627 aptum
533 548 691 627 poemati?
726 548 846 610 Eodem
876 549 937 611 ode
958 550 1077 628 finitur·
1090 550 1143 611 de·
1205 562 1206 565 ’

176 631 343 697 scribenda
357 631 441 693 Iovis
462 652 498 692 nc
512 631 639 692 deorum
653 641 760 693 contre
774 633 906 695 Titanus
926 653 1042 714 pugna.
1074 633 1145 695 Huc

179 725 285 795 aperte
306 716 431 796 respicit
452 719 580 795 quintae
602 716 762 777 exordium
789 719 890 778 ‘coeto
912 725 1057 778 tonantem
1079 737 1144 786 cre·

179 805 301 860 didimus
320 803 417 861 locem
438 819 578 878 reperere,
608 820 755 880 praesens
782 801 872 863 dirus
893 800 1059 863 habebitur
1079 801 1144 862 Au·

179 884 310 962 gustus'.
331 885 477 965 Denique
491 885 598 945 ultimo
612 885 671 946 hoc
685 886 833 965 opuseulo
848 905 919 949 cum
933 886 1146 965 descripsisset

179 971 348 1049 priscorum
369 969 578 1031 Romanorum
604 971 688 1030 circe
714 968 933 1049 rempublicam
960 977 992 1031 et
1014 973 1061 1030 ius
1083 971 1143 1031 ses·

179 1072 240 1132 que
268 1053 509 1128 observantium,
540 1054 603 1114 ium
623 1062 710 1115 sexto
733 1056 787 1133 qui
812 1055 910 1133 ipsius
931 1062 1069 1134 tempore
1091 1055 1143 1114 ob·

179 1138 298 1199 tinebnt
320 1144 527 1218 contemptum
540 1139 588 1199 rei
604 1138 729 1199 divinoe
745 1147 775 1198 st
791 1138 943 1201 luxuriem
965 1159 1001 1199 uo
1021 1140 1143 1219 privato

147 1264 149 1269 -
179 1232 300 1285 tentum
327 1223 484 1283 commodo
510 1221 649 1285 deditum
677 1223 813 1284 animum
840 1228 912 1302 epte
928 1225 1143 1303 prosequitur.

180 1308 295 1368 Amant
317 1316 420 1368 autem
434 1315 545 1388 poetae
567 1308 703 1368 carmina
719 1309 892 1368 sententiae
907 1308 1042 1387 quodum
1062 1328 1144 1369 nexu

179 1392 276 1473 ligate
298 1393 390 1452 etiam
411 1401 508 1452 metro
530 1391 640 1453 eodem
661 1392 851 1453 continuere.

242 1476 291 1535 Ib.
314 1477 348 1550 2,
372 1479 391 1536 3
419 1494 563 1551 praeseus
584 1480 629 1537 cel
650 1481 705 1535 uno
727 1481 827 1536 tollere
850 1479 886 1535 de
905 1479 1001 1554 produ
1022 1481 1145 1536 mortale

181 1578 298 1635 corpus.
327 1561 442 1621 Moror
457 1581 527 1620 aen.
543 1556 587 1639 [v.
605 1557 659 1640 70]
684 1560 755 1620 ‘sut
777 1578 834 1639 ege
851 1560 987 1623 diversos
1003 1570 1035 1621 et
1049 1561 1144 1623 disice

181 1662 310 1725 corpore
331 1646 458 1724 ponto'.

242 1729 291 1788 Ib.
307 1730 336 1802 5,
354 1731 373 1789 6
389 1737 418 1789 te
437 1747 554 1805 pauper
568 1731 655 1789 ambit
669 1733 794 1789 εοῑὶὶοἰῐα
810 1746 905 1804 prece
920 1735 1000 1790 ruris
1014 1734 1143 1791 colonus,

181 1814 351 1893 Displieuit
376 1813 480 1875 multis
506 1833 568 1873 nec
593 1813 735 1873 inmerito
762 1812 843 1874 illud
871 1816 966 1874 ‘ruris
988 1812 1143 1875 colonus'.

182 1897 284 1976 Quam
296 1898 518 1975 inelegantism
531 1898 635 1958 neseio
650 1918 692 1957 en
705 1899 750 1958 its
762 1899 857 1958 licent
875 1918 1028 1972 amovere,
1047 1906 1082 1958 ut
1098 1898 1143 1959 di·

181 2002 283 2042 camus
304 1982 414 2042 ‘ruris'
436 1984 538 2061 potius
558 1982 696 2061 pendere
717 2003 737 2043 u
756 2002 864 2063 prece,
891 1991 926 2042 ut
946 1981 1020 2042 nlibi
1041 1979 1143 2058 [Aen.

180 2084 215 2141 11,
231 2062 308 2146 413]
332 2068 412 2126 ‘tum
426 2066 530 2128 Densi
542 2068 659 2146 gemitu
678 2075 771 2146 etque
784 2076 910 2146 ereptae
924 2066 1053 2146 virginis
1067 2066 1142 2126 ire’.

243 2150 292 2210 Ib.
308 2151 348 2211 22
371 2155 466 2211 vetate
481 2157 614 2225 †pouno.
643 2151 728 2213 Illud
749 2172 854 2232 penno
876 2152 905 2211 si
926 2161 1009 2212 caret
1030 2171 1142 2225 errore,

183 2235 348 2297 dicendum
370 2237 428 2296 erit
441 2235 586 2296 Flaccum
607 2236 759 2298 nonsatis
782 2237 941 2315 eleganter
961 2255 1068 2296 vocem
1087 2235 1143 2295 hu-

181 2320 284 2380 milem
311 2340 392 2381 novo
419 2320 512 2380 modo
539 2339 597 2381 usu
635 2329 717 2383 utem
743 2320 907 2399 adaptasse
933 2319 1060 2380 onrmini
1081 2340 1143 2391 mee

180 2405 256 2478 lico,
279 2411 314 2465 ut
335 2404 411 2464 alibi
434 2400 509 2483 [1111‚
526 2406 556 2479 4,
573 2406 622 2466 65,
651 2405 685 2466 id
706 2404 790 2485 quod
811 2411 857 2464 est
879 2408 988 2463 evenit:
1011 2403 1145 2465 ‘merses

183 2488 352 2567 profundo,
376 2489 533 2568 pulchrior
554 2490 687 2550 evenit'.

237 2592 266 2646 Ἰ,
284 2575 333 2646 37,
351 2573 400 2646 23,
418 2574 459 2631 24
480 2592 535 2635 nec
555 2578 679 2636 tolentes
700 2578 796 2634 classe
811 2578 870 2632 cita
890 2577 1043 2649 reparavit
1065 2591 1144 2633 orus.

181 2657 298 2717 Locum
324 2656 463 2718 nondum
491 2660 567 2720 setis
592 2659 771 2740 expeditum
791 2659 904 2721 vellem
931 2656 1020 2719 obelo
1042 2664 1144 2720 notus·

181 2761 256 2802 sem.
298 2739 441 2802 Ceterum
463 2743 547 2822 quud
566 2743 742 2804 Meiuekius
765 2742 962 2804 scribendum
985 2762 1052 2803 esse
1072 2763 1144 2802 con·

182 2827 256 2886 iecit
278 2825 460 2887 ‘sollicitere
481 2829 603 2906 perurit
625 2827 721 2902 orm',
746 2847 814 2887 cum
835 2827 1009 2888 sententiae
1032 2829 1146 2907 optime
1164 2848 1168 2853 ⁴

181 2911 362 2984 conveniet,
385 2920 481 2971 metro
496 2920 599 2972 temen
620 2915 723 2972 minus
742 2920 849 2990 aptum
871 2919 928 2974 est.
963 2911 1043 2971 Nem
1064 2914 1145 2972 simi-

181 2996 243 3054 lem
264 2997 399 3056 numeris
421 2996 503 3057 illius
524 2996 674 3055 alcaicum
696 2995 926 3074 decuuyllnbum
948 2996 1032 3075 apud
1045 2995 1145 3056 Hore-

182 3081 258 3138 tium
279 3080 393 3141 frustra
414 3081 614 3159 quaesiveris.

245 3183 266 3239 1,
284 3165 334 3237 38,
352 3166 371 3224 o
393 3165 520 3225 Retinui
533 3164 681 3224 librorum
694 3164 877 3242 scripturum
896 3162 1033 3224 ‘sedulus
1048 3163 1147 3224 curo’.

180 3248 329 3309 Vidends
348 3247 499 3308 Meinekii
519 3247 619 3328 praef.
641 3267 694 3327 pg.
711 3249 748 3306 11
773 3247 1017 3310 retracturum
1039 3268 1147 3308 comm.

180 3332 272 3393 Lucr.
294 3333 367 3393 362.
907 3364 910 3365 ν

242 3415 282 3479 Ὀ.
297 3435 332 3495 11,
349 3419 376 3489 1,
397 3417 439 3476 36
459 3435 532 3488 cuae
549 3426 636 3479 roret
650 3435 711 3479 ona
729 3436 844 3481 cruore
862 3425 982 3479 nostro?
1005 3415 1150 3496 displicet

178 3500 390 3562 rhotscismus.
