2610 4028
155 176 232 251 ru]
588 175 703 230 urens.

603 374 681 449 XV.

156 508 236 576 Nox
257 509 326 573 erat
347 510 380 575 et
401 507 488 572 caelo
510 505 655 592 fulgebat
676 504 768 571 Luna
789 528 900 573 sereno

203 592 293 656 Inter
313 592 440 656 minora
463 590 584 673 sidera,

155 675 244 743 Cum
264 679 317 759 tu,
337 697 529 760 magnorum
549 696 669 739 numen
689 675 815 741 laesura
836 675 983 759 deorum,

203 760 244 826 In
265 761 362 825 verba
383 760 509 824 iurabas
531 780 616 842 mea,

155 846 273 911 Artius
295 847 389 928 atque
410 842 528 911 hedera
548 865 681 928 procera
702 843 912 929 adstringitur
933 844 1012 927 ilex,
1110 855 1127 906 a

203 929 314 995 Lentis
337 927 513 992 adhaerens
534 927 688 1011 brachiis,

154 1012 248 1078 Dum
292 1012 378 1079 eoori
398 1013 492 1097 lupus
514 1015 547 1077 et
567 1013 673 1077 nautis
695 1011 829 1077 infestus
851 1011 951 1077 Orion

204 1036 354 1162 Tinbarit
373 1096 543 1161 hibernum
564 1118 667 1179 mare,

155 1181 375 1265 Intoneosque
398 1180 528 1266 agitarit
549 1181 711 1266 Apollinis
733 1202 810 1246 aura
832 1181 979 1266 capillos,

203 1265 287 1331 Fore
310 1265 397 1330 hunc
419 1286 559 1330 amorem
579 1269 737 1330 mutuum.
1095 1279 1128 1328 lo

154 1349 190 1416 0
212 1350 352 1415 dolitura
371 1371 444 1415 mea
463 1350 601 1415 multum
621 1351 739 1415 virtute
759 1349 898 1416 Neaera!

203 1433 289 1500 Nem
311 1434 415 1519 siquid
436 1434 472 1499 in
492 1433 608 1499 Flacco
630 1434 722 1499 viriet
727 1482 737 1517 ,

154 1517 239 1584 Non
259 1519 342 1585 feret
362 1517 511 1584 adsiduae
532 1518 650 1603 potiori
671 1520 704 1583 te
726 1517 800 1583 dare
821 1521 947 1602 noctes,

204 1601 248 1667 Et
270 1605 400 1687 quaeret
419 1603 520 1667 natus
545 1625 669 1687 parem:

157 1686 231 1752 Nec
253 1687 351 1753 semel
372 1686 512 1752 offensae
533 1687 626 1752 cedet
644 1687 825 1752 constantia
846 1687 981 1770 formae,
1095 1700 1126 1750 15

205 1770 239 1836 si
262 1774 366 1836 certus
387 1772 515 1837 intrarit
536 1771 636 1836 dolor.
1157 1798 1160 1803 ’

156 1855 209 1919 At
228 1859 279 1939 tu,
323 1856 516 1938 uisumque's
537 1854 662 1920 felicior
683 1859 778 1941 atque
798 1877 870 1921 meo
892 1877 978 1923 nunc
1080 1902 1084 1908 -

205 1877 366 2023 Superius
388 1939 508 2005 incedis
530 1940 629 2022 malo,

158 2021 214 2089 Sis
259 2044 351 2089 ecore
372 2025 405 2087 et
424 2024 526 2088 multe
547 2024 634 2088 dives
656 2024 770 2089 tellure
792 2025 902 2089 licebit

204 2046 339 2192 'filiique
360 2105 517 2175 Pactolus,
532 2107 624 2190 fluat,
1093 2123 1128 2171 20

160 2190 195 2258 N
196 2213 232 2256 eo
252 2194 286 2256 te
306 2190 508 2277 Pythagorae
528 2191 643 2257 fallant
664 2211 779 2255 arcana
799 2193 917 2275 renati,

204 2274 382 2359 Formaque
403 2276 513 2342 vincas
534 2275 648 2358 Nirea,
1003 2287 1006 2293 '

160 2357 270 2441 Eheu,
292 2361 465 2425 translatos
486 2360 550 2425 alio
572 2360 727 2424 maerebis
752 2379 887 2426 amores.

203 2444 267 2509 Ast
288 2465 348 2530 ego
370 2444 510 2513 vicissim
530 2444 641 2511 risero.

568 2619 717 2631 -oeu—-

591 2737 687 2811 XVI.

159 2868 276 2933 Altera
296 2868 361 2933 iam
381 2867 494 2932 teritur
514 2867 608 2933 bellis
629 2869 775 2940 civilibus
797 2871 898 2953 aetas,

205 2951 277 3017 Suis
299 2955 331 3016 et
351 2952 421 3036 ipsa
440 2951 546 3016 Roma
566 2952 686 3017 viribus
705 2954 786 3018 ruit:

158 3034 265 3113 ouem
286 3058 389 3121 neque
410 3036 538 3100 finitimi
558 3036 727 3102 valuerunt
746 3037 877 3122 perdere
898 3036 1011 3122 Marsi,

203 3120 341 3185 Minacis
363 3123 418 3184 aut
438 3119 574 3185 Etrusca
595 3120 756 3186 Porsenae
776 3144 905 3206 manus,

157 3204 299 3271 Aemula
319 3225 379 3270 nec
401 3204 502 3269 virtus
524 3203 572 3270 Oa
593 3226 669 3290 uae,
690 3227 750 3272 nee
772 3205 943 3291 Spartacus
966 3226 1039 3270 acer
1109 3217 1126 3267 s

202 3288 367 3372 Novisque
387 3288 482 3364 rebus
504 3227 641 3354 infidelis
663 3289 835 3373 Allobrox,

155 3372 231 3440 Nec
251 3373 320 3436 fera
341 3372 485 3439 caerussea
506 3372 630 3437 domuit
651 3373 821 3439 Germania
841 3374 926 3456 pube

201 3455 456 3541 Parentibusque
479 3457 679 3523 abominatus
700 3458 876 3543 Hannibal,
