2570 4022
370 191 420 249 ΒΕ
436 191 819 250 immotissima
987 192 1079 247 nxm

18 320 20 385 s
110 352 258 432 Denique
281 350 411 432 dignum
430 353 578 413 memoria
598 353 828 415 interiectiones
849 351 990 414 oetbeu
1011 370 1075 415 nou

18 452 35 499 ι·
111 437 206 516 magis
228 435 305 497 elidi
325 455 419 516 quam
431 436 580 518 reliquas,
603 437 658 497 sed
679 437 764 497 illam
785 437 893 517 quavis
907 436 1006 497 vocali
1028 436 1075 497 iu·

18 524 20 579 ἰ
111 530 274 601 sequente,
297 520 378 581 hanc
392 520 554 582 subiuncto
574 520 668 582 verbo
684 520 793 583 eodem
807 540 932 583 manere
950 520 1075 600 longam

112 625 139 665 e.
199 650 207 666 .

17 708 18 725 ²
161 626 242 756 gdet
259 702 429 770 praesidium
446 708 474 754 st
491 703 572 756 dulce
589 703 674 755 decus
691 718 790 755 meum.

177 787 194 822 o
212 786 266 838 eqo
283 786 338 822 non
356 771 426 822 felix
444 786 524 837 quem
541 775 573 823 tu
590 769 665 836 fugis
682 775 714 821 ut
732 774 818 836 pavet
834 783 923 850 peres.

179 839 228 890 tea
246 839 301 893 han
320 845 440 904 quantus
458 840 538 903 aquis
556 844 674 903 quantus
692 838 773 889 adest
788 839 864 920 virus.

17 1012 19 1021 Ι
173 940 236 1001 ΙΠ.
272 941 670 1022 Synisesisliccutia
696 961 762 1019 pro
785 939 931 1003 Lucilii
953 959 1074 1002 exem·

43 1046 49 1059 ·
110 1025 176 1105 plo
191 1027 314 1087 maior
335 1025 745 1104 inhexametrisqnam
766 1025 806 1085 in
828 1023 1011 1087 iambicis
1033 1046 1075 1086 ac

17 1116 18 1119 ’
110 1109 279 1184 melicis,
302 1112 336 1170 in
351 1110 463 1189 quibus
476 1110 670 1190 paucissimis
690 1111 826 1189 exceptis
846 1118 970 1189 utputa
988 1111 1073 1170 ‘con-

17 1254 18 1259 ,
109 1195 225 1255 silium'
254 1194 462 1274 ‘principium'
489 1193 658 1274 trisyllabis
686 1202 717 1254 et
740 1194 894 1275 disyllabo
922 1193 1074 1273 ‘Pompei’

110 1279 189 1339 nihil
209 1279 278 1340 fere
299 1279 366 1340 eius
386 1279 431 1339 rei
452 1278 576 1339 admisit
589 1278 718 1339 Flaccus
735 1280 796 1339 nisi
810 1278 893 1358 quod
908 1279 1078 1340 communis

110 1364 374 1444 pronuntiationis
400 1382 458 1424 usu
485 1371 566 1427 esset
590 1371 747 1442 receptum
768 1372 800 1424 et
820 1363 917 1442 ipsius
937 1371 1074 1442 tempore

17 1524 19 1531 y
112 1457 143 1509 et
165 1449 350 1528 insequente
378 1448 419 1510 ad
440 1448 564 1508 tortium
585 1466 683 1527 osque
704 1467 735 1526 p.
759 1445 831 1507 our.
853 1467 885 1509 ιι.
908 1448 1072 1509 saeculum

175 1548 246 1609 Hoc
264 1549 331 1610 loco
352 1548 498 1610 addenda
518 1547 689 1610 observatio
712 1548 836 1626 cognitu
850 1547 944 1626 louge
959 1546 1074 1626 diguis-

108 1636 195 1708 sima,
219 1652 417 1713 numquam
439 1633 593 1695 admitti
615 1634 655 1692 in
669 1641 786 1693 metro
810 1631 970 1692 iambico
993 1633 1075 1692 sive

109 1718 310 1779 trochaico
342 1718 466 1780 latino
503 1718 702 1798 synizesin
740 1733 818 1783 eam
849 1735 946 1795 quae
983 1717 1032 1776 iit
1063 1718 1075 1775 i

109 1803 208 1865 velu
225 1803 399 1863 mutata
390 1823 429 1862 ιιι
445 1821 647 1862 consonam
669 1808 777 1863 extra
799 1800 1075 1882 disyllabanec

109 1888 232 1967 magis
260 1887 529 1969 graecanicam
556 1887 659 1948 circa
679 1885 802 1948 finem
823 1886 1014 1947 nominum
1034 1886 1075 1944 in

16 2042 17 2055 ,
111 2008 188 2061 eus,
221 2007 280 2062 ea,
312 2008 394 2048 eum
416 1988 640 2048 exeuntium
660 1993 700 2045 ut
722 1995 815 2065 puta
835 1985 950 2046 Peleo
973 1986 1075 2047 alver

16 2082 18 2085 ’
110 2092 238 2135 aurea
282 2071 398 2133 Eam
388 2092 422 2131 ιιι
453 2071 510 2132 dac
546 2072 605 2132 lico
635 2086 764 2131 numero
792 2070 908 2150 primus
934 2070 1076 2132 adhibuit

110 2156 253 2220 Catullus
270 2152 322 2237 [d.
346 2178 369 2215 r.
391 2177 432 2217 m.
455 2080 546 2236 2753

176 2257 321 2320 Ceterum
347 2258 381 2318 in
407 2256 469 2317 fine
491 2276 604 2338 operae
632 2254 793 2337 potissima
819 2255 969 2332 synizcsis
992 2255 1076 2335 apud

109 2343 275 2404 Horatium
297 2342 438 2422 exempla
459 2360 619 2422 ponemus.

173 2459 253 2522 IIII.
282 2460 414 2522 Brevem
435 2460 574 2522 vocalem
595 2461 629 2520 in
650 2457 753 2520 medio
775 2456 924 2519 vocabulo
943 2458 1076 2538 positam

110 2544 312 2626 sequentibus
348 2544 466 2606 duabus
494 2545 655 2619 consonis,
687 2544 728 2605 ad
760 2562 855 2605 unam
884 2542 1076 2623 eandemque

111 2629 268 2730 syllabam
284 2649 364 2709 qnae
384 2630 577 2710 pertincant,
601 2628 731 2709 produci
752 2628 818 2690 fere
839 2635 972 2705 constat3
995 2646 1076 2706 quae

111 2725 214 2776 tamen
242 2715 271 2776 si
292 2715 355 2777 sint
381 2722 466 2775 muta
488 2735 556 2775 cum
575 2713 708 2793 liquida,
740 2733 796 2793 pro
818 2712 944 2774 arbitrio
971 2721 1075 2790 pocta·

111 2821 179 2861 rum
204 2799 295 2860 modo
320 2799 432 2879 corripi
459 2799 544 2860 illam
570 2798 660 2860 modo
688 2798 803 2878 porrigi
830 2796 1016 2876 permittitur
1042 2804 1077 2858 ut

112 2894 187 2964 puta

180 2988 209 3036 et
226 2983 315 3050 primo
332 2984 430 3036 similis
447 2981 591 3064 rolicti,
586 2998 649 3034 mox
666 2997 734 3034 vera
751 2978 882 3033 volucris.

180 3057 210 3102 et
227 3053 334 3117 Lycum
349 3052 438 3118 nigris
455 3051 543 3104 oculis
561 3047 705 3117 nigroque.

109 3139 287 3217 Numquam
308 3147 411 3199 tamen
433 3139 612 3200 breviantur
633 3135 717 3216 apud
739 3135 880 3196 classicos
904 3131 972 3211 (sed
995 3135 1077 3196 enim

113 3224 155 3284 de
179 3222 340 3303 dactylicis
361 3224 516 3303 loquimur
536 3219 623 3299 solis)
651 3220 773 3281 vocales
795 3219 907 3299 quibus
932 3221 995 3279 sint
1023 3218 1076 3279 ad·

109 3307 198 3368 ditae
221 3305 273 3366 ‘bl
295 3307 327 3387 gl
348 3307 419 3387 gn’.
465 3305 607 3368 Ceterum
629 3305 668 3366 of.
692 3306 722 3366 d.
736 3326 763 3364 r.
778 3326 818 3363 m.
834 3304 895 3363 314
910 3322 977 3382 sqq

177 3390 251 3449 At
242 3411 275 3451 ιιι
296 3393 402 3453 ultimo
424 3391 519 3453 verbo
540 3392 672 3451 locatam
686 3389 823 3449 vocalem
843 3387 932 3464 sequi
950 3386 1076 3446 verbum

111 3475 153 3535 ab
176 3494 191 3534 s
219 3475 329 3556 inpura
349 3478 416 3538 sive
437 3496 459 3536 x
479 3496 574 3537 seua
600 3475 651 3535 vel
672 3494 715 3552 gn
742 3471 893 3551 incipiens
915 3488 979 3530 non
1004 3471 1078 3530 licet
