2570 4022
376 207 425 263 ΒΕ
442 205 577 263 Manere
595 206 828 264 HORATIANIS.
1020 207 1082 266 LXI

114 370 171 448 qui
193 368 228 428 in
249 368 435 427 hexametris
457 367 621 446 plurimum
641 365 792 427 libertatis
814 367 1010 446 permiserint
1030 367 1084 428 eli·

116 454 209 513 sioni.
252 452 481 524 marotiam,
489 452 574 531 quod
596 468 766 551 numquam
784 453 816 510 in
838 452 968 526 malitia,
992 468 1085 533 saepe

12 586 13 625 3
116 539 150 596 in
180 539 291 597 saturis
319 544 350 597 et
379 536 520 615 epistulis
548 536 667 637 evenit,
696 543 732 595 ut
759 536 846 596 elisio
875 536 1087 598 admitteretur

12 656 14 695 5
120 623 154 681 in
178 623 278 701 prima
300 622 412 680 arsis.
435 640 477 680 e:

188 716 465 780 ministraretur,
483 717 629 784 ‘numquid
647 716 726 770 vist’
746 730 861 784 occupo,
882 721 912 770 at
930 717 989 773 ille.

12 810 14 815 ’
116 806 239 867 Eadem
253 825 347 884 saepe
369 805 489 884 optinet
503 805 536 863 in
551 805 699 878 caesuris,
722 804 833 884 quibus
848 824 923 866 sane
936 822 1087 884 nusquam

12 906 13 911 ¹
117 892 232 963 ostitit,
257 894 289 951 et
306 886 479 969 aliquando
501 890 535 948 iu
555 888 636 949 thesi
656 890 773 950 ultima.
808 889 1012 950 Hexametros
1034 891 1088 969 qui

118 977 266 1035 dicuntur
287 975 366 1034 falso
380 973 593 1054 hypermetros
617 982 710 1053 ortes
722 973 791 1035 illos
804 970 1087 1034 'Alexandrinorum

116 1060 200 1120 euris
224 1079 264 1119 ex
284 1058 416 1119 ridicula
430 1057 663 1119 Hemerieorum
682 1078 826 1121 versuum
846 1059 1016 1121 imitatione
1040 1053 1085 1136 [d.

115 1166 143 1204 r.
159 1165 201 1205 m.
219 1139 297 1221 294]
321 1141 469 1205 Horatius
490 1142 524 1203 in
545 1142 736 1207 sermonibus
758 1143 898 1217 admisit,
921 1162 1088 1222 numquam

117 1238 245 1308 postea,
272 1236 304 1287 et
317 1227 443 1308 quidem
456 1227 518 1301 bis¹
542 1247 606 1291 non
628 1229 760 1307 mepius
775 1224 811 1307 [1,
827 1229 856 1301 t,
874 1229 925 1289 96.
949 1229 977 1303 6,
995 1220 1086 1306 102]:

187 1343 233 1379 sne
251 1324 427 1391 Capitolinus
445 1326 604 1381 consistere
622 1338 689 1377 usus
704 1326 845 1392 antroque

189 1412 206 1445 a
223 1397 346 1460 puerost.

191 1467 331 1580 soteieomes
349 1458 480 1512 alter-uti
496 1475 552 1511 non
572 1460 647 1511 solus
665 1475 746 1512 rusve
764 1475 910 1527 peregreve
968 1466 971 1473 “

190 1546 204 1580 e
238 1542 304 1583 rem.

185 1684 254 1745 Iam
282 1703 350 1742 enm
376 1682 535 1762 potissima
561 1683 654 1743 sitnm
681 1682 835 1763 perseeuti
861 1681 973 1761 quibus
994 1682 1087 1744 hexa-

12 1804 13 1819 ι
119 1770 211 1830 metri
239 1768 405 1828 Horatiani
440 1788 458 1827 a
485 1767 617 1846 Vergilii
642 1775 676 1827 et
703 1764 809 1827 Ovidii
838 1766 1000 1842 differunt,
1034 1768 1087 1828 ad-

121 1856 232 1916 demus
254 1851 406 1932 quaedam
428 1853 503 1912 artis
526 1859 692 1933 praecepta
714 1851 754 1911 ad
775 1851 907 1912 iambica
928 1862 960 1911 et
980 1852 1089 1913 melica

119 1938 229 1998 Flacci
257 1958 321 1997 non
343 1937 442 1999 minus
470 1956 562 2017 quam
584 1936 624 1997 ad
646 1936 754 1998 satiras
783 1944 814 2020 et
841 1936 987 2017 epistulas
1009 1956 1088 2016 qnae

122 2024 311 2102 pertineant.

189 2107 216 2166 Ι.
260 2106 372 2184 Itaque
403 2102 489 2166 hausi
521 2126 590 2166 raro
617 2105 749 2184 Vergilii
776 2104 921 2182 exemplo
956 2104 1064 2165 admitt
1039 2107 1090 2164 ttit

12 2244 13 2255 ,
123 2193 256 2251 Flaoens
278 2199 313 2250 ut
334 2189 451 2249 ineidat
465 2194 595 2250 eaesuia
614 2192 647 2250 in
664 2189 923 2268 praepositionem
937 2190 1004 2250 sive
1017 2209 1088 2249 eon·

124 2277 317 2336 iunctionem
339 2273 583 2355 monosyllabum
602 2283 638 2335 ut
658 2283 749 2353 pota.
715 2292 748 2332 a·

191 2376 222 2425 in
240 2373 348 2425 rebus.
365 2372 445 2425 illurn
464 2389 498 2425 ex
513 2371 518 2440 Ι
532 2372 674 2424 moenibus
691 2370 807 2423 hosticis

192 2442 308 2492 vocibus
326 2440 441 2507 regnum
459 2445 488 2491 et
503 2438 508 2506 Ι
524 2438 649 2491 diadema
667 2444 756 2490 tutum

193 2508 235 2560 nil
251 2511 371 2559 interest
388 2524 425 2559 an
439 2507 445 2574 Ι
458 2524 563 2575 pauper
580 2512 607 2560 et
625 2506 726 2559 infima.

123 2596 217 2656 Idem
245 2596 307 2655 et
298 2615 330 2655 ιιι
352 2594 413 2654 fine
435 2594 524 2654 metri
547 2596 660 2654 evenit.
705 2592 847 2655 Ceterum
874 2595 1032 2674 mitigatur
1059 2603 1090 2655 et

123 2681 203 2740 haee
218 2689 249 2740 et
264 2699 357 2759 quam
370 2679 461 2739 modo
476 2678 642 2740 memoravi
663 2679 852 2758 inelegantis
868 2679 982 2752 addita,
1007 2680 1090 2759 qued

12 2770 13 2833 ἶ
124 2766 250 2844 saepius
273 2763 398 2837 accidit,
423 2763 551 2825 elisione
572 2765 671 2824 velut:

535 2862 581 2914 vel
599 2862 658 2923 die,
677 2861 742 2928 qnid
760 2858 866 2914 referat
883 2864 956 2914 intra

195 2934 315 2982 naturae
333 2928 402 2983 fines
419 2930 538 2994 viventi
559 2932 655 2997 iugera
673 2938 769 2981 eentum
787 2944 821 2981 ae

195 2998 271 3048 mille
291 3002 402 3049 aret.
697 3026 700 3029 ·

196 3082 212 3116 ο
231 3081 302 3131 quae
321 3066 435 3143 beatam
451 3066 515 3117 ona
533 3070 613 3118 tenes
630 3066 740 3132 cyprum
758 3073 786 3118 et

196 3130 347 3203 Memphin.
407 3184 411 3189 ,

197 3206 359 3266 pestemque
379 3218 395 3255 a
432 3202 511 3268 opole
530 3206 558 3252 et
575 3201 699 3281 principe
718 3176 858 3254 Caesare
847 3219 874 3253 ra

194 3269 296 3318 Persas
314 3273 398 3334 atque
412 3218 574 3322 iiritannos.

194 3335 288 3401 plena
297 3336 406 3389 miraris
423 3337 495 3402 perit
496 3352 586 3403 usqne
602 3337 679 3388 sarto
696 3339 738 3387 tn
832 3350 835 3357 ·

196 3404 306 3469 cespite
321 3404 394 3456 vivo.

124 3490 219 3550 Talia
241 3498 344 3551 eutem
366 3492 476 3552 vitavit
498 3492 623 3552 omnine
650 3492 684 3551 in
706 3491 834 3552 sentinis
856 3486 996 3549 aeneos
1028 3489 1091 3548 Ho-
