2600 4026
149 216 277 289 xxm]
546 216 654 273 suns
674 217 722 274 ru

560 398 707 473 XXVH.

14 562 15 601 r
279 529 391 617 Inpios
412 552 522 616 parrae
543 531 715 596 recinentis
737 551 833 596 omen

14 680 15 693 ,
146 617 153 622 ’
281 615 387 681 Duoat
407 619 440 680 et
459 637 639 701 praegnans
661 616 749 679 oanis
771 620 827 680 aut
848 616 888 680 ab
913 637 990 702 agro

280 699 370 765 Rara
391 701 562 766 decurrens
583 700 659 784 lupa
679 698 844 764 Lanuvino

326 783 467 870 Fetaque
489 784 614 868 volpes3

280 918 414 1004 Rumpit
435 922 468 985 et
489 940 619 1003 serpens
640 919 702 986 iter
722 918 919 1002 institutum,
1102 932 1119 983 o

282 1001 317 1069 Si
338 1025 395 1087 per
416 1003 581 1087 obliquum
603 1002 716 1068 similis
737 1003 873 1101 sagittae

281 1085 408 1153 Terruit
428 1108 579 1152 mannosz
602 1108 663 1174 ego
686 1088 737 1152 oui
757 1087 894 1171 tnmebo,

328 1170 484 1238 Providus
506 1193 639 1257 auspex,

281 1308 464 1392 Antequam
485 1310 606 1372 stantes
627 1309 752 1391 repetet
770 1307 902 1391 paludes

281 1390 435 1456 Imbrium
457 1391 565 1456 divina
585 1392 652 1456 svis
673 1391 900 1474 inminennm,

283 1474 433 1540 Osoinem
454 1497 585 1541 corvum
605 1496 698 1561 preoe
721 1476 880 1540 suscitabo

330 1559 414 1625 Solis
436 1561 476 1624 ab
498 1563 579 1624 ortu.

284 1694 334 1760 Sis
357 1695 432 1759 lieet
452 1694 543 1776 felix,
566 1695 755 1780 ubicumque
776 1695 895 1778 meris,

282 1778 328 1844 Ilt
347 1800 470 1845 memor
489 1778 607 1863 nostri,
631 1778 778 1863 Galatea,
799 1780 902 1864 vivas3

284 1861 391 2014 'leffe
411 1885 472 1928 neo
492 1863 601 1928 laevus
623 1866 711 1929 vetat
730 1864 777 1929 ire
800 1865 891 1948 picus

363 1969 399 2013 eo
420 1969 502 2033 vaga
523 1948 643 2015 cornix„

170 2155 173 2161 ,
285 2081 348 2148 Sed
368 2082 472 2166 vides,
495 2086 613 2168 quanto
635 2083 774 2169 trepidet
793 2083 933 2148 tumultu

283 2166 408 2232 Pronus
430 2166 539 2232 Orion.
583 2166 656 2253 Ego
679 2167 755 2252 quid
777 2168 819 2231 sit
840 2171 908 2231 ater

283 2250 424 2316 Hadriae
444 2252 521 2316 novi
543 2251 632 2316 sinus
654 2251 784 2336 etquid
806 2250 896 2316 albus

331 2335 447 2401 Peooet
467 2334 576 2420 Iapyx.

285 2469 436 2535 Hostium
457 2491 572 2536 uxores
593 2472 745 2570 puerique
767 2491 877 2536 caecos

285 2553 435 2621 Sentiant
455 2558 561 2620 motus
584 2557 716 2621 orientrs
737 2556 848 2620 Austri
870 2559 903 2619 et

284 2639 316 2705 A
356 2640 443 2704 uoris
463 2640 549 2736 nigri
570 2640 732 2706 fremitum
755 2643 787 2705 et
807 2642 979 2705 trementes

363 2724 472 2789 erbere
492 2746 589 2808 npas.

284 2858 339 2924 Sis
360 2863 393 2923 et
412 2858 542 2943 Europe
562 2861 690 2924 niveum
713 2858 822 2922 doloso

285 2942 429 3009 Credidit
448 2947 541 3007 tauro
562 2944 660 3026 latus,
684 2947 716 3008 et
737 2946 913 3007 scatentem

283 3025 394 3096 Beluis
415 3031 551 3111 pontum
571 3028 753 3112 mediasque
774 3027 900 3092 fraudes

332 3110 453 3176 Palluit
473 3111 589 3177 audax:

282 3244 397 3331 Nupe'r
417 3247 452 3309 in
473 3247 573 3330 pratis
596 3246 738 3312 studiosa
758 3247 873 3311 florum
895 3251 929 3310 et

284 3328 421 3395 Debitos
442 3329 602 3415 Nymphis
623 3353 642 3396 o
665 3331 731 3396 ifex
752 3343 903 3413 coronae,

285 3413 389 3480 Nocte
412 3415 564 3480 sublustri
585 3354 666 3481 nihil

281 3480 285 3484 .
688 3418 776 3481 astra
796 3416 921 3500 praeter

332 3497 423 3563 Vidit
443 3503 478 3564 et
499 3499 609 3564 undas.
