2570 4022
516 237 729 295 PRAEFATIO.
1038 234 1104 295 XIII

139 407 171 461 et
191 396 300 460 fabula
320 396 405 472 lies’,
427 405 510 457 recte
531 397 655 476 quidem
677 405 778 475 potest
798 394 924 459 bebere.
960 392 1105 476 Oportnit

139 492 242 544 umen
262 481 339 542 addi
359 482 609 542 inuenirietism
634 482 668 541 in
691 481 828 542 clausula
848 482 1018 543 hexametri
1040 483 1103 561 epi·

139 568 287 629 erularum
301 565 407 629 Flacci
430 558 465 646 [r,
484 566 533 638 13,
549 563 583 644 9]
606 564 686 626 illud
708 564 757 625 ‘et
770 565 876 625 iabnls
888 566 973 627 lias'.
1009 565 1103 626 Unde

140 670 205 712 non
226 650 373 711 sbborret
392 669 413 709 a
434 650 651 728 probabilitate
673 668 712 709 ex
732 649 878 710 hocloco
899 668 991 711 sensu
1013 669 1103 711 voea-

139 735 207 795 bnli
227 734 311 817 quod
332 743 381 794 est
400 733 508 795 fabula
531 735 645 794 leniter
671 735 821 793 inmutato
843 736 1008 816 sumpsisse
1029 731 1103 794 Per·

139 821 220 879 sium
238 817 335 879 verbs
356 836 436 898 quse
458 827 531 878 sunt
556 819 605 878 ‘et
626 816 733 878 tabula
752 818 826 879 fies'
854 837 912 879 nec
932 819 1104 897 respexisse

139 903 338 976 illumpnnde
352 921 419 962 sum
434 919 529 962 orsus.
559 900 694 963 Omnino
709 902 920 981 quaerendum
933 903 1104 963 accuratius

141 995 293 1067 quatenns
321 987 437 1047 satirici
464 988 554 1066 primi
580 1006 612 1066 p.
635 985 707 1046 chr.
738 1006 770 1046 n.
798 987 913 1049 saeculi
938 986 1105 1048 videantur

141 1071 296 1151 quaedam
317 1070 523 1150 adsumpsisse
549 1090 587 1131 ex
607 1071 723 1131 melicis
743 1070 867 1132 Horatii
887 1070 988 1146 libris,
1018 1071 1104 1130 cuius

140 1156 323 1217 imitationis
342 1156 496 1216 rarissimu
515 1164 598 1217 certe
616 1174 676 1215 nec
695 1162 782 1215 extra
795 1155 896 1216 Persii
915 1164 990 1235 puto
1009 1154 1104 1215 libros

141 1241 205 1300 site
225 1239 367 1319 exempla
388 1240 600 1300 inveniuntur.
628 1239 753 1300 Persius
774 1247 877 1299 cutem
897 1239 981 1321 quod
1001 1240 1103 1300 alieno

142 1342 257 1403 genere
288 1323 457 1384 carminum
483 1324 634 1404 expressit
654 1341 735 1403 qnae
756 1343 821 1383 non
847 1323 977 1384 decebat
1003 1332 1104 1385 aetate

74 1479 76 1483 ἲ
140 1407 281 1468 nondum
292 1407 400 1469 adulta
410 1409 554 1469 noceatis
567 1409 685 1469 firmato
696 1407 811 1467 iudicio
822 1406 915 1469 fscile
931 1417 1103 1469 excusatur.

204 1492 252 1552 lb.
267 1493 305 1551 17
318 1495 705 1566 etdomus‘ccs‘lisPlctoais.
728 1492 812 1553 ldale
823 1492 903 1553 haec
914 1493 1106 1572 suspectavit

138 1577 383 1654 Peerlcampius‚
407 1578 457 1637 cui
471 1596 527 1656 pro
540 1576 595 1636 illo
609 1576 724 1637 ‘exilis’
738 1578 840 1656 potius
854 1577 1003 1639 ‘exilium’
1018 1576 1103 1638 vide·

139 1661 233 1722 batur
245 1662 369 1721 venisse
382 1660 422 1722 ab
435 1660 576 1721 Horatio.
608 1660 786 1721 Videndum
805 1661 933 1722 ultimae
952 1660 1104 1723 eiusdem·

140 1764 207 1826 que
228 1746 376 1824 principis
396 1745 551 1825 Propertii
571 1745 739 1825 elegiarum
759 1746 892 1806 initium.

205 1848 235 1903 1,
258 1831 288 1903 d,
312 1830 457 1891 lte-16.
501 1829 620 1891 Scelusi
641 1829 802 1891 obsecutus
823 1829 991 1890 Meinelrio.

205 1930 232 1987 1,
256 1915 289 1987 7,
308 1915 337 1973 1.
372 1912 466 1975 Hunc
492 1914 573 1976 oden
599 1915 635 1974 in
660 1914 749 1975 binas
776 1913 967 1993 discerpsere
987 1913 1105 1973 librarii

138 1997 269 2078 qnidam
290 2005 321 2057 et
333 1999 538 2077 grammatici3
561 1999 618 2059 sed
638 1998 671 2058 id
686 1998 770 2078 qnod
786 2018 893 2059 rernm
914 2007 961 2059 est
980 2006 1107 2059 tuentur

139 2102 211 2142 oum
229 2081 447 2162 Porphyrioue
461 2081 689 2145 Pseudoatilins
712 2078 757 2163 [p.
773 2084 835 2159 358
851 2080 906 2161 e]
928 2082 1106 2143 Victorinus

143 2162 232 2244 [228,
249 2166 289 2225 29
303 2163 360 2249 Ge]
382 2166 551 2228 Diomedes
567 2164 633 2247 [pg.
648 2168 713 2227 520
721 2164 778 2246 K]
802 2186 974 2246 anonymus
990 2167 1031 2228 de
1043 2186 1105 2228 me·

141 2250 200 2311 tris
221 2247 401 2312 Horatianis
423 2248 486 2330 [gr.
507 2253 562 2312 lat.
584 2269 646 2324 1111,
669 2248 759 2330 470}

225 2332 466 2416 Ib.16.Reoepi
486 2345 517 2396 et
537 2334 683 2397 hocloco
706 2342 737 2394 et
758 2333 827 2396 aliis
848 2334 1022 2409 nonnullis,
1050 2334 1105 2396 nbi

139 2436 199 2498 per
213 2416 304 2478 codd.
317 2436 397 2480 saec.
412 2438 435 2479 x
454 2437 639 2500 quamquem
660 2438 787 2481 numero
808 2420 967 2499 pauciores
988 2420 1103 2494 liceret,

12 2524 14 2555 τ
138 2501 221 2562 illud
236 2503 341 2564 ‘nec'.
370 2503 506 2564 Tannum
527 2506 610 2565 enim
630 2504 719 2566 abest
739 2512 774 2564 ut
795 2503 1034 2565 adsentiendum
1047 2525 1105 2584 pu·

12 2588 14 2631 l
138 2595 204 2647 tem
224 2585 382 2648 bleinekio
403 2589 457 2667 qni
477 2588 633 2649 interdum
653 2589 739 2649 velut
761 2608 788 2649 c.
803 2607 838 2662 11,
855 2590 885 2662 9,
899 2589 931 2648 4.
949 2590 1104 2650 15'refra-

139 2669 287 2749 gentibus
305 2672 431 2732 omnino
445 2672 630 2733 membranis
644 2672 770 2734 admisit
782 2673 911 2734 lormam
924 2672 1103 2753 longiorem,

138 2763 175 2813 ut
197 2756 299 2832 potius
326 2775 395 2817 eam
416 2778 435 2816 s
455 2758 571 2818 melicis
592 2766 624 2818 et
644 2756 795 2831 iambicis,
824 2757 915 2819 modo
936 2757 1029 2818 liceat
1050 2777 1107 2837 per

12 2856 13 2859 ¹
138 2846 286 2914 metrum,
314 2842 534 2901 removendam
555 2860 622 2903 esse
644 2861 795 2903 censeam.
839 2841 904 2903 Sed
925 2841 965 2902 de
991 2842 1051 2905 bec
1072 2862 1105 2903 re

137 2922 264 3066 ἒὲθῧηίιιε
291 2923 376 2985 alibi.
419 2925 549 2986 Interim
569 2926 707 2987 videnda
728 2945 808 3006 quae
834 2927 941 2987 notavi
964 2926 994 2988 ds
1017 2947 1042 2987 r.
1064 2946 1104 2988 m.

217 3024 285 3087 flii·

203 3089 252 3150 ΙΙ).
275 3092 315 3152 27
349 3095 392 3153 nil
424 3097 638 3169 desperandum
653 3102 656 3107 '
673 3097 785 3156 Teucro
818 3099 893 3156 duee
923 3104 951 3156 st
984 3101 1105 3171 auspice

12 3164 14 3235 ῗ
141 3176 266 3235 Tecmo.
309 3176 553 3239 Rescribendum
575 3180 762 3241 existimarit
782 3181 943 3242 Bentleius
965 3180 1105 3258 ‘suspice

135 3257 296 3318 Phoebo'.
325 3258 403 3321 Mihi
417 3270 466 3323 set
479 3263 561 3324 bene
574 3265 701 3324 retineri
714 3265 838 3326 videtur
857 3279 948 3345 posse
968 3263 1104 3342 vulgata,

136 3341 251 3403 eodem
277 3344 305 3403 si
326 3362 419 3406 sensu
433 3357 435 3361 ·
447 3348 610 3427 accipimus
638 3348 716 3408 illud
738 3366 856 3429 auspex
876 3368 936 3427 qno
958 3347 1105 3425 Horatius

135 3428 358 3506 semetipsum
381 3428 459 3491 dixit
479 3434 636 3512 auspicem
657 3448 705 3506 111,
729 3433 779 3506 tt,
803 3434 834 3492 8.
924 3475 925 3478 κ

203 3527 230 3583 1,
255 3512 284 3584 9,
308 3513 373 3579 7,8
394 3518 533 3590 deprome
553 3520 734 3593 quadrimum
756 3518 866 3575 Sabina
889 3536 906 3578 o
931 3520 1105 3580 Thaliarche
