2570 4022
417 873 773 961 PRAEFATIO.

179 1275 314 1343 Novam
346 1275 479 1343 Horatii
511 1277 670 1344 librorum
701 1279 925 1344 reeensionem
958 1288 996 1343 ut
1028 1279 1076 1342 in·

109 1368 293 1427 staurarem
314 1382 389 1426 eum
409 1363 589 1428 monuisset
610 1362 714 1428 biblio
738 1361 791 1430 ola
815 1363 1076 1444 honestissimus,

108 1446 211 1510 verba
233 1445 368 1531 quidem
389 1446 462 1533 ipsa
475 1456 592 1533 poetae
611 1468 671 1533 pro
685 1386 752 1512 fide
773 1446 996 1513 constituendi
1011 1469 1078 1511 non

108 1530 154 1593 ita
175 1551 335 1615 magnus,
357 1528 398 1594 L
419 1531 459 1595 Β.
466 1576 476 1613 ,
506 1529 585 1595 milri
608 1533 719 1597 evenit
740 1531 849 1614 labor,
878 1532 999 1618 quippe
1021 1532 1078 1617 qui

107 1613 239 1702 pridem
271 1615 449 1680 innutritus
479 1613 612 1681 lectioni
647 1617 717 1680 eius
744 1638 810 1681 non
837 1616 935 1681 modo
960 1615 1077 1679 earmi-

107 1720 185 1761 num
208 1698 366 1785 pleraque
387 1700 447 1764 sed
472 1701 571 1764 etiam
598 1700 797 1765 variantium
819 1721 903 1787 quae
925 1699 1079 1765 dicuntur
1148 1698 1155 1717 ‘

107 1780 290 1849 lectionum
310 1791 343 1847 et
364 1783 623 1850 coniecturarum
643 1785 830 1871 potissimas
852 1784 1009 1850 memoria
1029 1793 1077 1849 te·

107 1888 232 1933 nerem.

170 1950 241 2018 Sed
273 1953 361 2016 enim
386 1951 508 2038 largior
537 1974 634 2039 quarn
655 1952 974 2054 vellem-praefandi
992 1976 1076 2055 §sup-

107 2035 245 2122 petebat
277 2037 429 2119 materia‚
463 2059 659 2124 quamquam
685 2060 728 2103 ne
759 2060 857 2103 nrm1s
890 2062 934 2105 ex
956 2047 1078 2103 atrarer

109 2141 183 2185 oum
221 2119 376 2187 editionis
403 2121 501 2187 huius
527 2122 681 2188 instituto
712 2122 898 2208 finibusque
930 2061 1077 2222 ligitime

109 2205 278 2271 concessis
300 2213 370 2269 tum
384 2207 589 2290 negotiorum
611 2228 693 2306 quae
707 2207 797 2273 haud
817 2228 896 2272 sane
910 2206 998 2271 leura
1018 2206 1076 2270 ad·

110 2298 203 2354 erant
229 2288 442 2355 multitudine
469 2289 775 2438 praepedrebamur.
824 2290 907 2354 Inde
937 2311 975 2353 re
1003 2312 1076 2355 eum

110 2395 189 2439 eura
218 2375 383 2473 pensitata
409 2394 447 2439 eo
494 2375 625 2441 essendi
652 2384 691 2440 ut
711 2394 814 2475 pauca
835 2395 898 2460 qua
940 2395 982 2438 ue
1008 2376 1075 2524 pri·

110 2457 185 2522 dem
217 2479 253 2522 ιιι
273 2459 422 2543 margine
445 2458 640 2544 exemplaris
662 2481 728 2525 mer
750 2469 914 2525 notassem
959 2459 990 2523 ie

109 2542 291 2628 proferrem
311 2542 436 2609 additis
458 2552 569 2608 tamen
588 2542 752 2609 nonnullis
775 2543 953 2630 quaemihi
973 2544 1077 2610 multa

108 2627 276 2710 audienti,
309 2626 414 2693 multa
440 2627 582 2715 legenti,
608 2639 646 2694 ut
674 2627 822 2694 Sallustii
849 2628 961 2693 verbis
990 2639 1075 2712 utar,

110 2713 248 2797 cognitu
274 2710 375 2798 digna
401 2732 473 2777 esse
499 2713 702 2778 viderentur.
746 2713 863 2799 Itaque
889 2713 1076 2779 continuam

111 2805 144 2860 et
157 2794 204 2860 ad
218 2795 322 2861 ardua
339 2796 462 2897 ubique
477 2797 710 2863 subsistentem
723 2797 967 2863 adnotationem
981 2818 1076 2864 nemo

110 2881 295 2968 expectarit
315 2882 460 2964 anobrs,
484 2881 542 2947 sed
564 2881 743 2948 desultoria
764 2882 867 2947 fenne
889 2903 987 2970 opera
1001 2906 1075 2984 per-

109 2964 258 3030 functuri
283 2975 414 3051 praeter
438 2987 544 3055 pauca
571 2966 615 3031 ab
643 2966 717 3032 aliis
745 2965 918 3032 observata
944 2970 1075 3053 potissi·

109 3069 200 3114 mum
226 3070 267 3113 ea
293 3071 376 3135 quae
402 3072 489 3116 nova
516 3060 549 3116 et
574 3050 700 3116 indieta
726 3072 781 3116 ore
807 3050 873 3116 alio
893 3053 1075 3152 reperimus

110 3133 361 3199 commentando
386 3156 629 3222 persequemur.
679 3135 854 3201 Praeterea
881 3137 1078 3223 ubmumque

110 3219 315 3283 coniecturas
348 3228 381 3284 et
407 3219 515 3285 aliena
547 3241 568 3283 a
594 3219 752 3286 librorum
783 3219 850 3284 fide
883 3222 1075 3306 recepimus,

1025 2460 1076 2524 oei

20 3364 21 3367 ,
110 3300 226 3366 sedulo
247 3301 491 3369 indicabuntur.

127 3436 131 3441 .
174 3387 226 3450 Ae
247 3388 389 3474 primum
410 3388 542 3475 quidem
562 3388 761 3455 Horatianos
783 3397 941 3476 quotquot
963 3396 1078 3453 extant

110 3468 242 3535 sodioes
258 3468 424 3539 saeculum
437 3491 461 3538 x
476 3474 549 3540 sive
563 3490 642 3538 vnn
655 3483 764 3540 aetate
776 3495 843 3537 non
857 3491 1010 3557 superare
1025 3482 1077 3538 sat
