2600 4026
9 292 11 295 ,
97 229 233 315 ηψπ]
499 227 606 283 naua
626 228 676 286 uu
704 228 707 235 ⁴

214 389 275 466 Qui
297 389 406 455 Musas
425 393 515 455 amat
535 390 678 476 inpares,

259 473 381 539 Temos
402 476 453 539 ter
474 496 491 539 c
513 475 606 540 athos
627 477 782 541 attonitus
805 479 892 560 petet
920 548 923 553 Q

212 558 327 644 Vates,
349 562 414 623 tres
436 579 495 642 pro
522 559 585 624 'bet
606 580 702 644 supra

258 642 419 708 Rixarum'
432 646 577 709 metuens
597 645 730 729 tangere
752 642 862 709 Gratia

211 760 315 826 Nudis
337 761 446 827 iuncta
467 760 638 826 sororibus.
837 808 841 816 -

259 844 403 911 Insanire
424 846 526 911 iuvat:
550 866 606 909 cur
626 844 835 928 Berecyntiae

212 927 351 996 Cessent
370 929 501 994 flamina
522 928 640 994 tibiae?
808 946 811 952 ·

119 1085 123 1089 ,
260 1011 326 1079 Cur
345 1012 463 1098 pendet
483 1013 581 1079 tacita
601 1012 708 1078 fistula
730 1034 801 1079 cum
826 1014 917 1097 lyra?

211 1130 384 1196 Parcentes
406 1152 466 1216 ego
489 1131 634 1196 dexteras

261 1214 335 1280 Odi:
359 1236 473 1300 sparge
494 1236 596 1301 rosas,
621 1215 729 1280 audiat
749 1216 875 1281 invidus

205 1298 401 1365 sDementem
423 1299 590 1383 strepitum
610 1299 729 1383 Lycus,

260 1383 305 1448 Et
323 1383 429 1448 vicina
450 1384 518 1448 seni
538 1405 607 1448 non
626 1382 743 1448 habilis
763 1383 858 1467 Lyce.
895 1388 897 1391 ’

208 1500 325 1585 Spissa
343 1504 376 1565 te
398 1500 536 1567 nitidum
558 1523 664 1586 coma,
1037 1518 1070 1565 ‘s

260 1584 343 1650 Puro
364 1589 397 1650 te
417 1585 570 1668 similem,
593 1585 748 1671 Telephe,
769 1609 902 1671 vespero
1014 1662 1018 1668 .
1072 1612 1075 1615 ·
1097 1610 1102 1617 ·

205 1667 415 1752 Tempestiva
435 1670 517 1754 petit
536 1668 663 1755 Rhode,
973 1750 976 1757 ⁴

259 1752 313 1818 Me
333 1754 438 1818 lentus
457 1752 615 1837 Glycerae
636 1758 737 1820 torret
759 1776 847 1819 amor
869 1778 967 1822 meae.
1076 1767 1078 1771 ’

513 1892 675 1903 ι-σ--μ-μ-μ

530 1936 626 2052 Π.

205 2091 398 2158 Non-vides
420 2096 539 2178 quanto
561 2114 689 2158 moveas
710 2094 846 2177 pericle,

208 2175 349 2260 Pyrrhe,
372 2176 523 2242 Gaetulae
546 2177 668 2242 catulos
689 2177 841 2243 leaenae?

206 2259 304 2325 Dura
323 2264 399 2345 post
418 2262 526 2345 paullo
548 2261 652 2346 fugies
673 2261 812 2325 inaudax
904 2300 907 2305 <

260 2345 385 2411 Proelia
404 2347 529 2430 raptor,

9 2480 11 2491 ¹
142 2530 146 2537 ,
186 2460 295 2549 .(lum
316 2485 373 2547 per
394 2462 558 2528 obstantes
580 2464 730 2529 iuvenum
752 2466 892 2529 catervas
1028 2544 1030 2549 Ι

210 2545 459 2633 Ibitinsignem
478 2551 627 2633 repetens
649 2545 847 2613 Nearchum:
883 2553 886 2559 ’
923 2590 926 2593 -

209 2628 351 2696 Grande
365 2634 539 2716 certamen,
561 2631 622 2697 tibi
644 2631 762 2716 praeda
783 2633 888 2717 cedat,
912 2646 914 2651 ’

261 2715 514 2781 Maioran-illa.
707 2764 710 2771 .
1004 2742 1007 2747 ·

207 2831 361 2916 Interim,
385 2833 460 2897 dum
481 2837 518 2898 tu
539 2834 657 2899 celeres
679 2837 813 2920 sagittas
885 2838 889 2845 ’

212 2916 352 3001 Promis,
373 2915 453 2982 haec
474 2917 584 2983 dentes
607 2918 692 2982 acuit
713 2919 886 3003 timendos,
942 2958 945 2962 Δ
998 2924 1001 2931 ’
1039 2936 1072 2982 10
1109 2987 1113 2992 .
1166 2920 1170 2975 ἶ

172 3070 175 3075 ,
212 2999 344 3065 Arbiter
364 3023 490 3087 pugnae
511 3003 658 3086 posuisse,
676 3001 762 3066 nudo

261 3083 326 3149 Sub
347 3085 428 3169 pede
448 3086 587 3170 palmam

206 3200 327 3268 'Fertur
347 3205 380 3277 et
400 3203 465 3267 leni
486 3224 628 3268 recreare
648 3208 773 3270 vento·
819 3264 822 3270 .
913 3212 915 3215 ’

209 3285 366 3369 Sparsum
388 3286 526 3356 oderatis
540 3309 691 3353 umerum
714 3290 852 3373 capillis,
920 3334 923 3341 -

206 3368 324 3446 Quam
346 3374 400 3435 aut
416 3371 532 3437 Nireus
550 3372 616 3453 ,fuit
637 3375 693 3449 aut
713 3394 834 3455 aquosa
1009 3380 1071 3436 “5
1121 3388 1124 3392 ·
1180 3374 1182 3378 '

162 3478 166 3483 ·
260 3451 382 3537 Raptus
405 3455 448 3520 ab
468 3454 533 3519 Ida.
778 3472 781 3477 ·
836 3467 839 3474 “
957 3470 960 3474 ’
992 3463 994 3467 ’
1037 3496 1041 3503 -

513 3576 664 3590 -ι-.....
