2600 4026
120 230 205 299 vus]
497 227 605 282 unae
625 228 687 284 1111.

13 322 15 363 t

550 392 648 467 VHI.

190 509 351 575 Donarem
372 510 499 592 pateras
519 510 673 592 grataque
694 507 893 592 commodus,

193 592 381 676 Censorino,
406 591 486 656 meis
508 612 582 656 aera
603 589 779 675 sodalibus,

191 677 352 742 Donarem
372 675 530 760 tripodas,
552 676 696 760 praemia
715 675 847 740 fortium

193 761 376 843 Graiorum,
397 778 500 844 neque
520 762 558 825 tu
577 759 716 845 pessima
736 781 904 825 munerum

191 877 318 962 Fortes,
341 877 439 941 divite
460 899 512 942 me
534 877 656 942 scilicet
677 878 809 960 artium,
928 928 930 932 Α
1066 890 1083 938 s

193 962 277 1038 Quas
298 965 355 1026 aut
374 960 560 1026 Parrhasius
581 962 716 1045 protulit
732 964 791 1029 ant
812 960 946 1045 Scopas,

192 1045 255 1111 Hic
277 1066 367 1129 saxo,
389 1045 518 1129 liquidis
539 1045 594 1111 ille
615 1045 774 1111 coloribus

194 1129 313 1196 Sollers
334 1149 420 1194 nunc
441 1128 605 1194 hominem
624 1151 757 1214 ponere,
779 1151 866 1195 nunc
888 1130 990 1195 deum.

193 1247 255 1314 sed
276 1268 343 1312 non
363 1246 442 1312 haec
463 1246 543 1311 mibi
564 1248 627 1329 vis,
649 1268 708 1311 nec
729 1247 789 1312 tibi
809 1248 921 1311 talium

191 1332 256 1397 Res
278 1334 328 1396 est
347 1333 403 1395 aut
422 1331 548 1396 animus
570 1331 754 1396 deliciarum
775 1352 882 1416 egens.

194 1416 319 1481 Gaudes
341 1415 548 1502 carminibus3
570 1417 711 1480 carmina
731 1436 899 1499 possumus

193 1500 322 1565 Donare
343 1503 377 1564 et
396 1500 535 1584 pretium
556 1499 660 1564 dicere
681 1499 831 1564 muneris.

194 1617 270 1684 Non
291 1618 393 1683 incisa
413 1617 500 1682 notis
521 1638 680 1682 marmora
699 1617 852 1701 publicis,

193 1702 255 1766 Per
276 1722 356 1786 quae
377 1700 506 1784 spiritus
528 1703 562 1769 et
581 1702 649 1766 vita
670 1701 753 1767 redit
773 1701 867 1766 bonis

13 1826 15 1851 r
120 1872 124 1877 Ι
193 1785 273 1850 Post
292 1788 429 1850 mortem
450 1784 598 1869 ducibus,
618 1783 701 1935 Eion
722 1786 839 1851 celeres
861 1785 955 1871 t'ugae

193 1869 402 1953 Reiectaeque
423 1872 598 1935 retrorsum
652 1870 808 1935 annibalis
830 1870 950 1955 minae,

193 1952 270 2018 Non
290 1953 438 2018 incendia
459 1952 663 2039 Carthaginis
685 1954 791 2039 inpiae

193 2036 288 2121 llius,
311 2038 365 2122 qni
386 2038 507 2102 domita
526 2058 646 2103 nomen
667 2038 707 2102 ab
729 2039 839 2103 Africa

194 2120 347 2186 Lucratus
369 2121 464 2186 rediit
514 2122 628 2187 clarius
650 2121 794 2187 indicant

193 2204 317 2270 Laudes
339 2226 433 2289 quam
483 2205 609 2270 alebrae
629 2205 770 2270 Pierides
791 2228 894 2291 neque

194 2321 229 2388 Si
250 2322 378 2389 chartae
400 2323 516 2389 sileant
536 2321 622 2407 quod
642 2322 724 2389 bene
745 2323 873 2408 feceris,

193 2406 374 2472 Mercedem
394 2408 514 2473 tuleris.
559 2406 642 2483 Quid
667 2407 751 2472 foret
771 2406 849 2472 Iliae

193 2490 410 2575 Mavortisque
431 2513 524 2575 puer,
547 2492 575 2555 si
595 2492 796 2557 taciturnitas

195 2573 346 2640 Obstaret
365 2576 488 2640 meritis
509 2576 618 2641 invida
638 2575 789 2645 Romuli?

194 2691 350 2776 Ereptum
372 2691 492 2778 Stygiis
513 2694 661 2760 fluctibus
682 2697 824 2760 Aeacum

193 2774 305 2840 Virtus
327 2777 361 2841 et
380 2777 471 2841 favor
492 2780 525 2842 et
545 2778 656 2864 lingua
675 2780 855 2864 potentium

193 2857 313 2924 Vatum
334 2859 485 2926 divitibus
507 2867 672 2928 consecrat
691 2863 814 2929 insulis.

194 2941 350 3091 ἕψω
370 2944 464 3010 laude
484 2947 587 3011 virum
608 2946 701 3012 Musa
721 2951 808 3012 vetat
828 2949 937 3036 moriz]
1052 2978 1057 2988 ’

222 3048 259 3091 ae
314 3027 410 3095 Musa
427 3029 510 3095 beat.
553 3029 607 3095 Sic
626 3030 712 3096 Iovis
733 3032 867 3101 interest

194 3144 222 3207 0
247 3147 321 3209 tatis
343 3167 360 3210 e
383 3147 445 3212 ulis
466 3149 592 3234 inpiger
613 3147 781 3234 Hercules,

194 3166 325 3293 ciarum
418 3232 544 3297 daridae
566 3233 653 3298 sidus
675 3233 715 3299 ab
737 3235 856 3313 infimis

195 3310 333 3385 Quassus
356 3316 495 3399 eripiunt
516 3317 704 3401 aequoribus
726 3323 825 3401 ratae,

193 3394 347 3542 ernatus
370 3399 463 3464 viridi
484 3403 628 3486 tempora
649 3402 813 3490 pampino]

221 3478 291 3543 1ber
311 3486 386 3547 vota
406 3483 508 3549 bonos
531 3483 618 3550 ducit
639 3485 680 3550 ad
702 3488 813 3552 exitus.
