2570 4022
364 217 412 273 DE
430 215 564 274 METRIS
582 217 813 277 HORATIANIS.
967 224 1069 279 LXVII

98 378 284 438 cautione
313 377 353 436 in
375 378 527 438 melicis
549 379 704 457 pariter
724 387 837 458 atque
864 382 904 440 in
934 382 1068 443 iambi·

99 463 154 521 eis
186 459 352 521 adhibet
372 460 537 522 Flaccus
565 463 755 522 elisiones
778 482 887 543 quam
907 466 945 524 in
967 475 1069 528 satu·

16 610 18 613 ,
100 547 151 604 ris
175 553 215 606 et
238 545 440 624 epistulis.
483 546 595 626 Itaque
616 546 703 607 nulla
725 547 811 607 elisio
835 551 1014 612 ereticorum
1034 554 1069 614 in

100 630 204 703 brevi,
230 649 291 690 nse
303 631 366 690 nisi
389 639 498 710 quater
519 631 756 795 spondiaeerum
776 633 809 692 in
833 632 941 693 eadem
964 632 1067 715 [c.111,

102 715 275 791 4,17,31;
299 715 328 787 ὁ,
347 715 403 791 21;
427 715 478 788 27,
495 715 535 774 22
555 761 562 774 .
605 714 771 776 Videndae
793 715 833 776 de
852 716 901 778 his
923 722 1069 799 exemplis

15 842 18 849 «
104 799 184 879 siqui
206 798 315 859 volent
336 798 439 859 rimari
460 800 604 878 suptilius
623 799 755 861 Maurici
775 798 906 882 Hauptii
928 802 1068 865 observa-

16 892 17 945 ἶ
106 885 204 954 bones
222 883 347 943 criticae
361 884 536 962 pg.18.19.
566 883 663 943 Elisio
686 884 885 945 iambicorum
906 888 1067 948 rarissima.

16 996 17 999 ¹
103 967 182 1027 Nam
203 985 251 1040 111,
277 968 383 1040 21,12
411 969 566 1046 posuimus
593 971 695 1048 potius
720 968 867 1031 librorum
881 990 958 1039 ‚non
984 992 1068 1050 sper·

104 1051 278 1111 nendorum
305 1052 486 1112 auctoritate
514 1053 575 1112 nisi
602 1049 713 1132 'saepe
739 1073 823 1115 mero
850 1055 981 1116 caluisse
1008 1057 1067 1115 vir·

100 1136 180 1209 vtusv',
210 1154 302 1215 quam
322 1134 406 1214 quod
427 1137 567 1215 plerique
588 1137 785 1198 ‘incaluisse’
811 1134 865 1218 [ei.
890 1148 921 1199 et
941 1139 1067 1201 Lachm.

105 1242 129 1280 e.
151 1223 186 1279 in
200 1219 292 1280 Lucr.
315 1216 472 1299 pg.199].
514 1219 620 1281 Habes
642 1230 746 1282 tamen
768 1241 802 1297 11,
819 1224 848 1295 4,
868 1225 906 1283 19
930 1224 991 1286 ‘sie
1012 1226 1066 1284 lu-

105 1326 165 1365 ero
187 1318 365 1364 aversam
390 1307 526 1384 potuisse
547 1305 661 1379 uasci'‚
692 1315 723 1367 et
744 1324 791 1380 111,
815 1308 868 1380 23,
900 1309 942 1368 20
969 1309 1068 1371 ‘farre

16 1430 19 1437 ·
104 1391 156 1468 pio
178 1398 210 1449 et
231 1388 363 1449 saliente
384 1388 490 1449 mice'.
534 1389 615 1450 Item
635 1391 788 1450 rarissime
818 1391 893 1451 elisa
916 1392 1069 1474 dactylica

104 1476 137 1533 in
156 1495 188 1533 m
218 1473 363 1532 exeuntia
383 1481 533 1552 sequente
555 1473 642 1534 brevi
663 1484 698 1535 ut
720 1475 918 1554 ‘principum’
940 1495 979 1551 11,
998 1482 1029 1551 1,
1048 1481 1068 1537 4

16 1566 18 1571 '
105 1558 297 1637 ‘principum
324 1558 472 1617 amicitias
501 1566 532 1617 et
559 1558 672 1625 armaf.
722 1557 877 1637 Quantam
905 1569 1007 1621 autem
1035 1564 1068 1622 in

103 1642 243 1703 iambicis
267 1649 298 1702 et
311 1640 416 1721 lyricis
436 1641 580 1702 habuerit
602 1644 829 1723 iungendarum
844 1645 996 1704 vocalium
1018 1667 1067 1706 eu·

103 1747 169 1786 ram
183 1725 331 1785 Horatius
352 1727 404 1786 vel
424 1726 499 1786 inde
520 1736 651 1806 apparet
671 1727 755 1807 quod
773 1730 810 1788 in
830 1736 944 1807 quarto·
962 1732 1068 1791 earmi-

104 1832 179 1870 num
192 1809 273 1869 libro
287 1810 398 1871 utiam
412 1820 506 1871 antea
518 1811 686 1872 memoravi
700 1821 823 1892 praeter
837 1832 932 1872 unum
946 1834 1069 1876 versum

104 1917 167 1957 non
184 1895 267 1955 elisit
278 1893 401 1972 longas.
435 1891 504 1973 Quo
519 1896 616 1976 magis
633 1894 725 1956 debet
740 1896 959 1971 animadverti,
984 1899 1069 1978 quod

104 1989 134 2040 et
162 1980 196 2038 in
225 1996 351 2038 caesura
378 1988 409 2038 et
436 1980 469 2038 in
490 1980 552 2039 fine
574 1999 717 2041 versuum
742 1981 920 2043 melieorum
946 1985 1068 2062 saepius

103 2064 228 2125 admisit
247 2063 405 2123 licentiam
425 2064 510 2124 illam
531 2072 566 2123 ut
587 2073 663 2144 puta

239 2204 255 2238 e
274 2185 358 2238 decus
375 2187 514 2239 Praestet
531 2187 650 2253 dapibus
667 2189 812 2254 supremis.

239 2254 362 2305 sentiant
379 2259 470 2306 motus
487 2255 600 2307 orientis
619 2258 701 2306 austri
717 2263 752 2307 et.

238 2330 400 2386 pestemque
418 2338 436 2372 a
452 2327 547 2387 populo
565 2329 591 2374 et
607 2323 734 2390 principe
752 2321 865 2374 Caesare
881 2325 916 2375 ia.

147 2428 167 2439 ..
238 2388 341 2440 vitabit
357 2389 510 2441 Libitinam:
527 2405 606 2457 nsque
625 2405 676 2457 ego
694 2393 814 2456 postera.

239 2456 352 2507 fortuna
370 2471 454 2510 saevo
471 2457 549 2509 lacta
565 2460 718 2523 masticet.

105 2567 199 2628 Talia
222 2567 366 2647 equidem
387 2588 553 2649 numquam
574 2588 706 2630 evenere
729 2569 897 2649 epodorum
918 2571 952 2630 in
974 2575 1067 2634 exitu.

103 2652 149 2717 Et,
168 2654 294 2712 omnino
316 2654 350 2712 in
365 2652 474 2713 iambis
496 2654 611 2714 maiore
627 2655 706 2716 eirca
722 2655 866 2715 elisiones
887 2656 984 2714 utitur
998 2678 1067 2717 cau·

103 2738 189 2796 tione
212 2755 305 2815 quam
334 2737 367 2796 in
390 2738 542 2817 prioribus
565 2738 662 2798 tribus
690 2738 777 2798 libris
798 2739 986 2799 melieorum.
1028 2741 1068 2800 In

103 2820 152 2880 his
168 2821 254 2900 quod
268 2821 421 2901 quaedam
442 2820 500 2882 sibi
522 2822 651 2883 indulsit
672 2824 772 2882 minus
787 2823 903 2897 suavia,
920 2844 966 2884 ex
980 2837 1068 2904 parte

16 2904 17 2907 ’
103 2914 267 2967 excusatur
281 2906 420 2965 novitate
434 2915 598 2966 metrorum
619 2908 750 2986 primum
772 2906 893 2986 abipso
916 2908 1067 2969 adhibito·

16 3000 17 3043 ι
101 2987 168 3050 rum
189 2989 246 3050 sed
260 2990 357 3068 magis
373 2998 483 3051 natura
505 3011 624 3065 eorum,
649 3010 729 3071 quae
750 2992 924 3071 systematis
946 3003 1067 3072 quater-

16 3068 18 3099 ³
100 3094 211 3134 norum
224 3076 369 3135 versuum
384 3095 452 3134 cnm
467 3076 683 3136 contineantur
704 3095 788 3134 nunc
808 3075 918 3136 eadem
931 3077 1066 3150 licentia,

101 3177 163 3236 qua
184 3158 305 3218 numeri
326 3178 383 3237 per
409 3178 443 3219 se
465 3168 595 3233 stantes,
628 3159 773 3218 fruuntur
792 3159 852 3221 hoc
879 3169 926 3220 est
952 3162 986 3219 in
1006 3160 1068 3219 fine

99 3242 223 3322 syllaba
246 3242 374 3322 ancipiti
396 3263 488 3322 quam
511 3243 617 3304 dieunt
639 3250 670 3303 et
692 3243 824 3316 excluso,
849 3244 876 3303 si
889 3244 1028 3321 proxima
1049 3262 1069 3302 a

99 3327 199 3386 vocali
214 3327 378 3405 incipiant,
400 3327 500 3404 hiatu,
525 3341 608 3387 nune
629 3328 802 3407 synaphiae
816 3328 887 3404 lege
901 3328 979 3386 sicut
994 3346 1066 3384 ana-

100 3412 200 3488 paesti
229 3420 376 3471 tenentur
404 3421 439 3471 ut
458 3430 519 3471 nee
541 3412 685 3471 elisiones
714 3432 772 3472 nec
795 3410 895 3470 divisa
923 3430 978 3486 per
1006 3409 1066 3468 duo

99 3513 205 3555 versus
227 3494 325 3556 verba
339 3495 453 3556 habere
474 3495 640 3556 videantur
663 3495 873 3555 offensionem.
902 3493 986 3553 Hinc
1003 3511 1065 3551 non

824 3589 860 3641 θ*
