2570 4022
362 230 411 288 DE
428 230 564 287 Mennis
580 230 814 288 HORATIANIS.
993 230 1069 288 LXV

508 387 606 439 Parios
624 402 675 452 ego
693 388 798 452 primus
814 385 923 439 iambos

171 458 283 513 osteum
301 456 401 521 Latio,
418 470 546 507 numeros
564 456 723 519 animosque
741 459 853 506 secutur

171 524 347 588 Archilochi,
366 539 421 574 nou
439 538 483 574 res
500 528 531 573 et
548 522 662 588 agentia
680 523 766 573 verba
783 521 954 588 Lycamben.

173 612 206 647 ac
222 609 259 645 ne
277 607 322 643 ms
341 592 419 642 foliis
431 588 501 641 ideo
517 590 689 641 brevioribus
707 601 804 652 ornes,

173 659 244 727 quod
261 659 343 711 timui
358 663 465 709 mutare
483 655 577 708 modos
595 661 624 709 et
642 656 771 708 carminis
789 660 890 710 artem:

173 731 311 793 temperat
329 724 490 776 Archilochi
505 724 615 774 Musam
632 723 702 791 pede
720 723 846 775 mascula
864 722 989 789 Sappho,

172 799 313 862 temperat
329 793 463 856 Alcaeus,
481 790 530 843 sed
548 791 630 843 rebus
649 796 679 843 et
696 792 791 842 ordine
809 790 916 856 dispar,

173 878 224 915 neo
240 876 367 914 socerum
385 862 509 927 quaerit,
527 873 609 923 quun
625 859 754 911 versibus
773 858 879 910 oblinat
898 857 981 922 atris,

172 946 226 982 uec
244 943 363 996 sponsae
380 926 511 993 laqueum
528 926 635 978 famoso
653 926 774 977 carmine
791 926 891 979 nectit.

172 998 246 1050 hunc
265 1011 317 1063 ego
334 1009 389 1046 non
408 995 464 1046 alio
481 993 586 1044 dictum
602 994 680 1061 prius
698 1008 744 1045 ore
760 992 880 1043 Latinus

176 1064 289 1131 volgavi
305 1062 415 1114 fidicen.

110 1152 146 1212 In
172 1151 221 1210 his
242 1149 327 1229 quod
349 1147 538 1229 paenultima
560 1166 652 1207 versu
673 1147 788 1225 legitur
809 1146 926 1208 ‘huno'
954 1148 995 1208 ad
1016 1146 1070 1207 Al·

110 1255 228 1309 caeum,
257 1252 323 1293 non
343 1231 384 1292 ad
404 1231 624 1292 Archilochum
645 1232 801 1311 pertinere
828 1232 988 1292 verissime
1008 1252 1071 1292 mo·

110 1322 176 1380 nuit
195 1319 368 1378 Bentleius.
412 1316 579 1377 Praeterea
607 1316 685 1377 illud
714 1315 899 1395 ‘temperat'
928 1310 983 1376 dtu
1009 1336 1071 1377 me-

109 1405 223 1465 ditatus
245 1422 310 1461 non
333 1400 395 1461 alio
416 1401 483 1461 fere
504 1399 595 1460 modo
624 1408 717 1479 atque
737 1400 820 1460 idem
843 1402 961 1461 censuit
982 1420 1072 1479 posse

108 1490 205 1567 accipi
227 1504 409 1566 persuasum
428 1482 544 1557 habeo,
567 1493 602 1544 ut
622 1485 664 1544 sit
685 1484 799 1545 dietum
820 1485 959 1546 similiter
980 1494 1073 1565 atque

109 1575 140 1632 in
163 1570 273 1652 epodis
294 1569 509 1649 ‘desiderique
523 1577 695 1649 temperare
710 1569 849 1648 pocula'.
880 1570 993 1648 Itaque
1013 1569 1073 1629 hoe

107 1656 167 1717 sihi
188 1656 257 1715 vult
270 1653 400 1715 Flaccus
421 1654 578 1713 miscuisse
600 1655 731 1733 propriis
745 1652 948 1716 Aeolensium
967 1655 1073 1714 metris

107 1738 288 1801 Archilochi
309 1739 418 1798 Ionica
440 1738 639 1817 Sapphonem
661 1747 692 1797 et
711 1737 871 1811 Alcaeum,
895 1737 934 1799 de
956 1757 1018 1818 qua
1038 1758 1073 1798 re

109 1834 139 1885 et
171 1822 303 1885 aliunde
330 1830 460 1883 constat.
516 1822 663 1901 Denique
690 1823 775 1902 quod
808 1822 891 1882 idem
918 1832 1075 1884 asseverat

107 1911 245 1969 timuisse
266 1926 301 1968 se
323 1907 465 1968 carminis
486 1906 572 1986 Parii
598 1907 705 1967 modos
728 1916 760 1967 et
781 1914 877 1968 artem
903 1907 1072 1981 immutare,

108 1993 253 2076 equidem
281 1991 367 2052 haud
398 2010 474 2052 sane
506 1989 701 2069 urguendum
733 2011 800 2053 esse
828 2011 949 2052 censeo.
1001 1991 1075 2071 Ipse

108 2079 226 2159 quippe
247 2076 352 2156 paullo
375 2084 447 2136 ante
467 2076 653 2135 imitaturum
674 2094 796 2137 servum
817 2095 915 2156 genus
936 2095 997 2156 quo
1019 2095 1077 2156 par

107 2171 176 2223 erat
196 2161 293 2220 irrisit
315 2159 462 2220 ludibrio.

173 2244 319 2306 Ceterum
340 2244 424 2323 quod
444 2244 528 2304 idem
548 2244 659 2305 asserit
678 2263 699 2303 a
711 2263 746 2304 se
758 2243 938 2305 Archilochi
959 2243 1075 2304 iambos

108 2330 276 2390 translatos
297 2330 332 2387 in
345 2328 481 2403 Latium,
506 2330 550 2388 ita
569 2328 815 2407 intellegendum
830 2337 876 2388 est
889 2336 925 2387 ut
941 2328 1076 2387 dicamus

110 2434 181 2474 eum
206 2415 337 2494 primum
365 2412 473 2493 epodis
499 2413 606 2474 iuncta
633 2414 769 2474 earmina
796 2412 928 2473 iambica
952 2420 1077 2492 aptasse

109 2498 237 2577 linguae
265 2498 394 2576 patriae.
442 2497 569 2557 Etenim
595 2506 735 2559 cantores
762 2497 973 2577 Euphorionis
999 2514 1076 2575 quos

111 2582 188 2642 dicit
201 2582 324 2642 Tullius
342 2590 378 2641 ut
397 2589 473 2661 puta
488 2580 643 2654 Catullus,
666 2581 801 2642 Laevius
822 2583 876 2653 alii
896 2582 990 2660 longe
1005 2591 1078 2642 ante

110 2667 211 2748 ipsum
225 2663 455 2727 Alexandrinos
477 2667 667 2746 potissimum
679 2667 777 2726 secuti
796 2675 904 2745 poetas
925 2668 1078 2725 trimetros

111 2760 143 2810 et
170 2750 316 2811 dimetros
349 2750 473 2811 exclusa
504 2752 713 2812 scaenicorum
738 2751 866 2823 licentia
898 2749 1078 2810 adhibuere.

111 2833 253 2912 Quorum
288 2833 432 2914 equidem
461 2834 500 2894 de
528 2844 594 2896 arte
626 2836 779 2896 remisisse
811 2835 929 2915 aliquid
955 2833 1080 2896 ridetur

36 2914 39 2919 ’
109 2917 251 2978 Flaccus.
290 2915 382 2979 certo
405 2915 519 2978 Catulli
540 2919 574 2978 in
594 2918 735 2980 versibus
757 2921 855 2980 rarius
878 2920 1009 2980 occurrit
1031 2938 1079 2982 so·

110 3002 178 3062 luta
198 3003 275 3064 arsis
296 3020 388 3082 quam
409 3003 493 3082 apud
506 3002 685 3064 Horatium:
708 3005 831 3084 saepius
853 3003 964 3067 eadem
982 3004 1079 3066 licen·

110 3088 155 3146 tia
186 3086 272 3166 apud
298 3086 448 3147 Laeuium
475 3087 632 3148 invenitur
665 3088 718 3166 qui
750 3096 783 3148 et
815 3097 1018 3169 anapaestum
1045 3090 1080 3148 in

110 3171 210 3333 prima
234 3179 266 3230 et
277 3170 477 3334 ,paenpptima
498 3172 572 3233 sede
586 3173 676 3233 metri
696 3190 752 3251 pro
775 3173 913 3252 spondeo
936 3171 1080 3232 adhibuit

130 3254 162 3314 d.
178 3275 202 3313 r.
220 3275 260 3317 m.
297 3257 362 3315 ut
403 3302 410 3314 .

175 3336 377 3399 Aeolensium
399 3349 560 3419 poetarum
580 3340 785 3403 adnumeres
807 3342 921 3420 primus
944 3339 1082 3399 carmina

109 3424 232 3502 aptavit
254 3420 408 3496 Catullus,
438 3426 493 3485 sed
515 3433 550 3485 ut
570 3428 652 3485 intra
674 3424 849 3506 Sapphonis
872 3418 1080 3483 'imitationem

84 3505 301 3569 ,subsisteret
331 3506 424 3568 Vnde
443 3517 526 3569 reete
541 3528 605 3570 rem
626 3511 787 3573 instituere
810 3509 892 3569 docti
907 3507 991 3588 quod
1015 3508 1081 3593 eius

155 3601 289 3645 Horma
859 3618 876 3659 θ
