2610 4028
138 196 215 270 uu]
540 194 649 251 arasa
669 196 705 253 n
1045 188 1102 253 171

137 357 218 425 Non
238 357 327 443 priua
347 360 458 424 exacta
477 357 567 442 tenui
587 357 712 425 ratione
733 377 892 443 saporum.
965 372 967 377 ’
1011 370 1024 403 ⁶

138 441 211 509 Nec
232 442 311 507 satis
333 445 397 539 est,
419 463 492 507 cara
512 443 616 539 pisces
638 463 781 539 auerrere
800 461 913 539 mensa
981 524 988 539 .

139 525 1007 708 waarbcmsrcrscuass

138 694 264 759 Vmber
284 697 319 759 et
366 693 373 709 ⁸
462 696 602 760 nutantes
627 692 746 779 glande
765 692 919 758 rotundas
1071 703 1105 754 40

139 778 361 863 Ourvataper
394 798 488 843 ances
509 798 637 843 carnem
657 776 789 843 vitantis
810 777 960 843 inertem:

138 862 227 928 Nam
239 861 382 939 Laurens
395 861 499 928 malus
513 864 576 944 eat,
590 861 673 928 ulvis
687 864 721 926 et
734 860 889 927 mundius
924 860 1041 945 inguis.

139 944 247 1011 Vinea
267 945 428 1011 submittit
448 967 577 1031 capreas
597 966 665 1010 non
690 964 816 1029 semper
836 944 876 1010 ed
910 966 953 1010 es.

142 1028 309 1095 Fecundae
330 1029 448 1115 leporis
470 1029 597 1113 sapiens
619 1029 792 1095 sectabitur
813 1050 928 1094 armos.

139 1113 288 1180 Piscibus
309 1116 404 1198 atque
421 1113 532 1179 avibus
553 1133 633 1211 quae
653 1117 769 1179 natura
782 1115 816 1178 et
834 1113 919 1178 foret
939 1116 1041 1195 aetas,
1073 1123 1107 1174 45

141 1198 230 1263 Ante
249 1219 356 1263 meum
376 1198 459 1262 nulli
479 1200 584 1295 potum
604 1198 747 1281 quaesita
765 1197 919 1281 palabam.

139 1280 226 1348 Sunt
236 1302 371 1365 quorum
382 1281 547 1379 ingenium
553 1302 638 1346 nova
646 1281 923 1362 tantimssorustula
931 1280 1058 1365 promit

139 1365 354 1450 Nequaquam
375 1368 454 1431 satas
474 1365 511 1430 in
531 1386 566 1429 re
586 1386 650 1430 una
671 1385 856 1431 consumere
879 1386 1001 1449 curam,

140 1448 189 1515 Vt
202 1450 301 1534 siquis
315 1449 420 1515 solum
439 1448 518 1533 boc,
539 1447 686 1513 malane
708 1449 774 1515 sint
792 1448 882 1532 vina,
904 1448 1043 1531 laboret,

140 1533 237 1611 Quali
258 1533 430 1618 perfimdat
449 1533 553 1619 pisces
574 1554 704 1599 securus
724 1532 818 1599 olivo.
1074 1542 1107 1594 50

142 1617 284 1683 Massica
305 1618 334 1682 si
355 1617 443 1683 caelo
465 1638 625 1702 suppones
646 1617 720 1682 vina
741 1637 871 1699 sereno,

142 1700 325 1784 Nocturna,
346 1701 375 1767 si
396 1700 452 1766 uid
473 1701 618 1785 crassist,
640 1700 826 1766 tenuabitur
846 1721 937 1783 aura,

140 1784 188 1851 Et
210 1784 342 1851 decedet
362 1723 568 1851 dionensis
588 1785 752 1870 inimicns3
774 1787 809 1850 at
828 1785 885 1849 illa
939 1855 943 1863 ⁴

22 1940 23 1943 Ἴ
142 1868 311 1955 Integrum
331 1868 470 1954 perdunt
489 1869 557 1937 lino
577 1869 692 1935 vitiata
712 1890 867 1954 saporem.

142 1952 334 2019 Surrentina
354 1952 444 2018 vafer
488 1953 522 2018 ui
542 1953 656 2019 miscet
675 1953 765 2019 faece
785 1952 922 2019 Falerna
1074 1962 1108 2014 55

144 2036 245 2121 Vina,
268 2036 450 2105 columbino
528 2059 583 2102 um
603 2038 685 2103 bene
707 2037 832 2122 colligit
852 2056 928 2118 ovo,

142 2121 308 2198 Quatenus
328 2121 393 2186 ima
413 2121 495 2206 petit
515 2121 646 2187 volvem
667 2121 772 2186 aliena
792 2119 929 2186 vitellus.

142 2204 252 2270 'Pestis
273 2208 468 2271 marcentem
489 2205 613 2289 squillis
633 2203 792 2270 recreabis
813 2206 847 2268 et
866 2202 947 2267 Afra

144 2289 295 2356 Potorem
316 2289 461 2354 cochlea:
482 2310 559 2354 nam
579 2289 704 2355 lactuca
724 2289 851 2353 innatat
871 2286 936 2351 acri

141 2373 224 2439 Post
237 2374 347 2438 uinum
362 2372 541 2439 stomacho·
556 2393 658 2457 perna
670 2372 772 2459 magis
787 2392 825 2437 ac
918 2370 925 2383 ’
957 2369 1045 2435 hillis
1074 2384 1108 2433 60

145 2456 289 2542 Flagitat
308 2456 469 2522 inmorsus
489 2423 592 2539 reici,
615 2456 693 2540 quin
714 2456 822 2521 omnia
839 2391 947 2552 ffi

143 2540 370 2624 Quaecumque
390 2540 552 2607 inmundis
573 2541 699 2605 fervent
719 2540 826 2605 adlata
844 2560 984 2638 poprms.

142 2624 206 2690 Est
226 2644 341 2708 operae
383 2624 500 2690 retium
521 2624 564 2690 du
586 2624 656 2689 licis
676 2645 865 2710 pernoscere
886 2622 964 2689 ruris

144 2708 312 2775 Naturam.
349 2646 492 2792 Simplex
513 2730 531 2774 e
573 2709 637 2773 ulci
657 2711 785 2773 constat
805 2708 905 2790 olivo,

142 2792 374 2941 Quodapiflingui
393 2793 527 2858 miscere
548 2813 636 2857 mero
657 2792 821 2875 muriaque
842 2790 967 2857 decebit
1076 2801 1109 2853 co

142 2875 222 2942 Non
327 2898 422 2960 quam
443 2897 506 2961 qua
525 2875 681 2960 Byzantia
724 2876 809 2940 utuit
828 2894 912 2939 orca

144 2958 217 3024 Hoc
237 2959 294 3024 ubi
315 2959 483 3026 confusum
501 2960 596 3026 sectis
616 2898 771 3026 inferbuit
788 2957 897 3023 herbis

143 3043 345 3193 Corycioque
366 3064 459 3109 croco
482 3065 626 3128 sparsum
647 3044 751 3126 stetit,
773 3044 903 3127 insuper
923 3041 1019 3107 addes

142 3127 261 3192 Pressa
313 3127 484 3193 enairanae
505 3128 590 3211 quod
610 3124 692 3192 baca
711 3127 835 3195 remisit
854 3125 966 3191 olivae.

143 3211 272 3277 Picenis
293 3210 412 3276 cedunt
430 3213 534 3296 pomis
556 3210 701 3278 Tiburtia
721 3233 812 3277 suco:
1076 3222 1109 3271 το

144 3295 232 3362 Nam
252 3295 334 3362 facie
355 3298 527 3380 praestant
570 3294 736 3361 Venucula
756 3293 906 3362 convenit
926 3292 1014 3376 ollis3

144 3379 276 3446 Rectius
297 3379 458 3446 Albanam
478 3380 567 3445 fumo
589 3378 750 3444 duraveris
771 3400 874 3443 uvam.

144 3462 238 3541 Hauc
253 3485 315 3551 ego
331 3486 403 3530 cnm
417 3463 526 3549 malis,
540 3484 600 3550 ego
623 3463 744 3529 faecem
764 3463 886 3546 primus
903 3462 936 3524 et
949 3460 1045 3542 allec,
