2558 4022
1187 11 1272 119 η

189 208 253 277 202
542 212 798 271 misnensem
1068 212 1159 285 [xm

617 413 707 488 XHI

252 545 299 612 Vt
318 545 572 632 proficiscentem
595 545 689 610 docui
708 548 741 610 te
763 565 858 643 suepe
880 544 1011 642 diuque,

252 632 401 717 Auguste
423 629 535 696 reddes
557 630 687 715 signata
707 629 884 712 volumine,
908 628 999 713 Vmi,

254 714 288 782 Si
309 710 448 799 validus,
471 714 499 780 si
520 714 620 779 laetus
642 713 717 796 erit,
741 714 769 777 si
790 712 926 797 denique
947 716 1074 799 poscet,

252 799 303 866 Ne
324 799 430 864 studio
451 799 555 863 nostri
575 819 686 882 pecces
708 797 878 881 odiumque
899 797 1015 862 libellis

221 882 387 951 bSedulus
408 883 551 967 inportes
573 903 670 966 opere
690 884 835 948 semente
856 881 1010 947 minister.

253 967 288 1035 si
308 971 341 1033 te
361 967 445 1032 ferte
466 988 555 1032 mese
575 966 683 1052 gravis
704 969 776 1031 uret
796 966 922 1031 sarcina
943 964 1087 1050 chertee,

252 1052 382 1118 Abicite
403 1051 525 1136 potius,
547 1071 643 1134 quem
663 1071 727 1135 quo
748 1049 888 1148 perferre
908 1049 1026 1114 iuberis

254 1135 397 1202 Clitellas
418 1135 504 1200 ferus
525 1134 688 1220 inpingas,
711 1134 892 1217 Asmeeque
913 1136 1082 1218 paternum

254 1218 442 1318 Cognomen
463 1221 568 1284 vertes
589 1219 625 1284 in
645 1217 744 1283 risum
766 1220 800 1283 et
818 1217 929 1283 iebule
948 1218 1017 1282 fiee.

206 1318 240 1368 ιο
252 1302 383 1369 Viribus
404 1303 504 1369 uteris
525 1324 583 1402 per
603 1303 718 1387 clivos,
738 1302 885 1387 flumina,
907 1302 1022 1387 lemus3

253 1387 366 1453 Victor
386 1387 544 1486 propositi
565 1386 660 1452 simul
681 1407 719 1452 ec
739 1385 921 1472 perveneris
941 1382 1033 1469 illuc,

254 1472 307 1538 Sic
328 1474 468 1557 pesitum
489 1472 631 1537 servabis
652 1492 748 1554 enus,
769 1492 811 1536 ne
831 1471 915 1536 forte
936 1470 996 1535 sub
1018 1470 1071 1535 ele

254 1555 456 1622 Fescicrssum
519 1559 584 1620 ries
606 1555 760 1621 librorum
780 1558 817 1619 ut
837 1555 974 1619 rusticus
996 1574 1135 1640 egnum,

254 1639 300 1705 Vt
319 1641 432 1704 vinosa
452 1660 579 1726 gemus
600 1639 736 1704 furtivae
756 1638 922 1723 epyrrhia
941 1639 1050 1722 lunse,

207 1738 238 1788 15
254 1722 299 1790 Vt
319 1745 392 1789 eum
413 1724 531 1808 pileolo
552 1723 655 1790 soleas
678 1723 811 1788 conviva
830 1723 967 1788 tribulis.

111 1835 119 1845 ¹
253 1807 324 1874 Nec
344 1806 440 1892 volgo
461 1829 585 1892 narres,
606 1811 639 1872 te
660 1806 822 1873 sudavisse
842 1806 973 1872 ferendo

256 1889 420 1974 Carmine,
442 1912 523 1975 quse
544 1892 671 1976 possint
690 1891 799 1957 oeulos
821 1912 974 1975 auresque
995 1892 1115 1957 morari

255 1973 414 2059 (laeserim
436 1978 543 2041 erutus
565 1976 666 2041 multe
686 1996 793 2060 prece,
814 1976 932 2040 nitere:
954 1996 1051 2059 perro

255 2058 361 2143 Vade,
384 2059 468 2145 vele,
490 2080 565 2126 cave
586 2082 628 2125 ne
649 2059 767 2125 titubes
782 2058 993 2143 mandataque
1014 2060 1158 2145 franges.
1270 2110 1271 2141 ,

598 2234 747 2241 ..m--

612 2350 729 2425 XIIH.

254 2480 358 2548 Vilice
380 2480 531 2546 silvarum
552 2484 585 2546 et
605 2479 684 2546 mihi
705 2503 757 2546 me
777 2481 939 2547 reddentis
961 2481 1074 2568 agelli,

256 2564 358 2641 Quem
378 2566 414 2628 tu
435 2563 576 2648 fastidis,
597 2564 776 2630 habitatum
797 2565 936 2650 quinque
957 2565 1038 2630 focis
1060 2568 1096 2630 et
1267 2642 1268 2645 Ἴ

256 2647 402 2730 Quinque
423 2647 525 2713 bonos
547 2649 677 2713 solitum
696 2648 826 2714 Verium
848 2649 1007 2715 dimittere
1034 2653 1161 2734 patres,
1267 2674 1268 2717 l

256 2731 435 2815 Certemus,
459 2732 568 2817 spinas
589 2733 737 2798 animone
758 2754 775 2798 e
799 2754 819 2798 ο
839 2733 955 2798 fortius
977 2754 1020 2797 en
1040 2737 1079 2799 tu

224 2815 384 2881 sEvelles
406 2836 499 2901 egro,
521 2818 555 2880 et
574 2817 688 2881 melier
709 2816 751 2881 sit
804 2818 924 2882 oratius
947 2838 989 2881 un
1009 2838 1072 2881 res.

255 2898 308 2963 Me
330 2899 472 2982 quemvis
494 2898 622 2965 Lamiae
643 2901 745 2984 pietus
767 2904 800 2965 et
821 2922 896 2966 cura
916 2904 1077 2984 moretur,

254 2981 399 3046 Fratrem
419 2983 605 3067 maerentis,
628 2987 720 3068 rapto
743 2984 781 3049 de
802 2984 901 3050 fratrc
921 2985 1062 3050 dolentis

254 3064 484 3152 Insolabiliter3
506 3070 615 3132 temen
635 3067 717 3132 istuc
738 3089 829 3133 mens
851 3069 1042 3152 animusque

254 3148 330 3213 Fert
351 3152 384 3214 et
404 3155 490 3215 emet
511 3151 622 3234 spatiis
644 3151 803 3216 obstantia
823 3174 896 3217 rum
919 3173 971 3217 ere
994 3152 1146 3219 claustra.
1264 3224 1265 3237 χ

209 3231 341 3297 tellure
362 3254 423 3318 ege
445 3234 618 3316 viventem,
640 3238 677 3299 tu
699 3234 778 3300 dieis
799 3235 835 3300 in
855 3258 894 3299 ur
956 3236 1102 3302 beatum:
1130 3259 1142 3270 ·
1264 3248 1265 3287 l

255 3313 313 3380 Oui
335 3316 440 3400 placet
460 3316 605 3399 alterius,
627 3339 685 3383 suc
705 3319 888 3384 nimirumst
909 3320 983 3386 odio
1006 3341 1088 3387 sors.

255 3396 378 3465 Stultus
392 3402 523 3484 uterque
544 3399 650 3467 locum
664 3401 847 3468 inmeritum
862 3407 1011 3469 causatur
1032 3405 1161 3489 iniquet
1263 3420 1264 3453 l

78 3438 81 3445 ¹
252 3480 290 3544 Iu
312 3482 436 3566 culpest
457 3482 598 3567 enimus,
620 3480 674 3567 qui
697 3507 731 3551 ee
751 3507 818 3551 non
840 3488 953 3573 effugit
974 3510 1140 3573 umquem.
1164 3458 1264 3964 j
