2610 4028
112 207 170 280 u]
527 204 635 262 umus
655 208 691 264 n.
1031 204 1092 270 175

126 368 257 436 Scilicet
278 368 362 434 elabi
384 370 412 434 si
432 372 543 454 posset
563 373 701 469 mortua,
725 371 835 457 credo,
939 353 945 360 ⁸

125 453 220 530 Quod
240 453 377 517 nimium
397 454 559 520 institerat
579 455 709 521 viventi.
753 454 874 522 Cantus
895 457 997 542 edito,

123 536 198 605 Neu
220 535 304 602 desis
326 559 456 623 operae,
476 559 557 604 neve
578 539 796 605 immoderatus
817 538 967 607 abundes.

124 621 300 686 Difficilem
321 624 354 685 et
375 642 538 688 morosum
560 622 702 689 offendes
722 624 883 710 garrulus:
905 626 989 691 ultra
1056 639 1090 690 90

19 750 21 755 ,
122 705 201 770 Non
222 705 319 771 etiam
341 705 450 791 sileas3
472 705 581 771 Davus
604 707 648 772 sis
669 708 811 773 comicus
832 712 927 793 atque

19 816 20 885 ᾖ
123 789 196 856 Stes
218 790 322 887 eapite
344 790 487 875 obstipo,
510 790 647 857 multum
668 793 781 857 similis
802 795 965 860 metuenti.

124 873 285 958 Obsequio
307 894 466 960 grassare}
488 894 598 960 mone,
620 877 649 940 si
669 877 828 943 increbuit
849 899 940 961 sura,

19 952 21 957 ’
125 957 246 1025 cautus
266 959 314 1023 uti
335 959 419 1024 velet
440 980 549 1024 carum
571 963 679 1046 caput3
701 959 831 1027 extrahe
850 963 945 1027 turba

19 1042 20 1087 l
125 1042 290 1127 Oppositis
311 1043 443 1129 umeris,
467 1065 575 1109 aurem
598 1044 780 1133 substringe
802 1045 937 1130 loquaci.
1054 1059 1087 1109 st

123 1213 154 1275 A

122 1126 163 1193 In
187 1129 319 1191 ortunus
341 1129 430 1192 emat
449 1127 588 1193 laudarit
610 1128 712 1194 donec
733 1129 833 1196 ‘ohel'
855 1131 920 1195 iarn

155 1150 185 1275 d
198 1212 321 1276 eaelum
341 1211 488 1277 manibus
510 1212 645 1279 sublatis
666 1213 797 1299 dixerit,
818 1235 918 1300 urgue
940 1218 973 1280 et

19 1312 20 1317 ¹
124 1294 327 1360 Crescentem
347 1295 478 1361 tumidis
503 1296 580 1361 infla
601 1298 800 1363 sermonibus
821 1301 934 1365 utrem.

125 1379 204 1444 Oum
225 1382 258 1444 te
279 1380 408 1444 servitio
430 1380 529 1465 longo
551 1402 688 1465 curaque
709 1381 837 1466 levarit,

122 1463 168 1527 Et
189 1466 310 1528 certum
329 1464 468 1549 vigilans
490 1468 631 1548 ‘quartae
653 1468 722 1530 esto
743 1466 843 1550 partis
864 1465 986 1532 Vlixes'
1038 1482 1087 1531 100

123 1548 272 1612 Audieris
295 1547 426 1614 ‘herest’
454 1555 543 1634 ‘ergo
564 1570 650 1613 nune
672 1548 776 1614 Dama
797 1549 914 1615 sodalis

123 1631 341 1716 quuamst?
353 1631 732 1699 undemihitam-iortem
742 1637 871 1718 tamque
882 1634 1043 1700 fideleml’

19 1764 20 1767 η
124 1715 167 1800 Sp
228 1716 390 1782 esubinde
402 1719 444 1800 et,
455 1717 483 1781 si
493 1718 636 1801 paullum
646 1722 749 1803 potes,
759 1719 1045 1806 inlacrima3erest

124 1798 194 1863 Gau
218 1801 247 1864 'a
267 1800 455 1884 prodentem
475 1802 598 1867 voltum
619 1805 732 1868 celere.
775 1802 963 1887 Sepulcrum

19 1936 20 1943 ,
123 1883 316 1948 Permissum
339 1884 470 1950 arbitrio
492 1886 561 1951 sine
583 1887 730 1953 sordibus
752 1891 893 1953 exstrue:
914 1888 1011 1954 funus
1037 1901 1085 1952 105

122 1966 262 2054 Egregie
283 1969 403 2034 factum
423 1969 533 2035 laudet
552 1971 679 2037 vicinia.
716 1970 833 2070 Siquis¹

122 2051 218 2117 Forte
241 2052 431 2118 coheredum
452 2054 559 2119 senior
580 2055 663 2119 male
684 2058 813 2140 tussret,
834 2056 908 2122 huie
929 2060 965 2121 tu

121 2132 197 2220 Dio,
222 2159 260 2202 ex
281 2140 371 2221 parte
391 2140 447 2203 tua
468 2159 525 2204 seu
545 2139 637 2203 fundi
658 2139 725 2203 sive
746 2139 859 2203 domus
881 2141 923 2204 sit

121 2219 273 2304 Emptor,
296 2221 487 2307 gaudentem
500 2243 633 2287 nummo
652 2226 685 2288 te
700 2223 853 2288 addicere.
886 2223 949 2288 Sed
969 2246 1021 2288 me

121 2303 298 2390 Imperiosa
319 2304 420 2369 trahit
440 2305 647 2391 Proserpina:
670 2308 741 2372 vive
761 2307 916 2390 valeque?

526 2476 679 2491 -M-——u-

569 2598 631 2674 VI.

120 2727 191 2792 Hoc
214 2728 337 2793 eratin
358 2729 457 2794 votis:
482 2730 596 2794 modus
618 2730 688 2828 agri
708 2731 843 2795 nonita
862 2751 1012 2815 mugnus,

119 2811 241 2877 Hortus
263 2812 317 2876 ubi
340 2817 372 2877 et
392 2815 477 2880 teoto
498 2814 621 2879 ricinus
643 2814 726 2899 rugis
748 2835 848 2897 aquae
869 2815 942 2877 fons

120 2895 164 2960 Et
184 2897 328 2980 paullum
344 2896 441 2962 silvae
463 2919 558 2981 super
578 2897 629 2963 his
650 2898 743 2962 foret
775 2896 910 2963 Auctius
924 2899 1019 2981 etque

119 2978 162 3044 Di
183 2981 301 3045 melius·
319 2981 432 3046 fecere.
471 2981 599 3047 Benest.
621 2981 678 3047 Nil
700 2982 837 3065 amplius
859 3002 952 3065 oro„

19 3116 21 3123 .
119 3063 204 3129 Maia
218 3067 308 3148 nate,
324 3065 387 3129 nisi
402 3069 438 3131 ut
450 3067 580 3150 propria
593 3065 672 3131 haee
686 3065 766 3130 mihi
779 3088 913 3133 munera
926 3067 1016 3131 faxis.
1066 3077 1083 3127 5

19 3198 21 3217 .
119 3146 154 3212 Si
174 3170 278 3232 neque
299 3149 452 3214 maiorem
473 3150 535 3215 feei
555 3151 680 3215 ratione
700 3151 786 3215 mala
805 3172 889 3235 rem,

19 3242 20 3287 ὲ
118 3230 187 3296 Neo
210 3255 280 3297 sum
302 3233 445 3298 facturus
465 3234 544 3298 vitio
567 3235 698 3319 culpave
719 3235 890 3319 minorem3

19 3386 20 3403 ,
120 3314 153 3380 Si
174 3338 310 3381 veneror
332 3318 446 3382 stultus
468 3318 549 3383 nihil
570 3318 685 3384 horum
706 3327 738 3383 ‘o
760 3319 788 3383 si
808 3319 943 3403 angulus
964 3317 1020 3381 ille

118 3396 288 3466 Proximus
309 3401 440 3467 socedat
461 3403 517 3486 qui
537 3425 623 3467 nunc
644 3403 812 3467 denormat
833 3402 986 3486 agellum!

119 3482 186 3550 Osi
197 3506 310 3550 umam
321 3487 446 3572 argenti
463 3488 529 3552 fors
545 3508 625 3570 quae
640 3487 720 3551 mihi
734 3487 900 3570 monstret,
915 3489 951 3549 ut
959 3485 1016 3570 illi,
1050 3497 1082 3547 ιο
