2600 4026
518 213 626 268 LIBER
646 214 668 269 Ι.

536 447 665 520 XXXI.

221 578 305 654 Quid
326 577 506 643 dedicatum
526 577 632 662 poscit
651 576 836 660 Apollinem

221 662 341 728 Vates?
376 660 459 739 Quid
480 664 567 744 orat,
589 661 628 725 de
673 664 759 726 atera
778 682 898 726 novum

266 745 416 811 Eundem
437 744 617 829 liquorem?
679 765 722 809 on
744 745 868 829 opimae

318 828 483 895 Sardiniae
505 831 629 914 segetes
654 827 790 912 feraces,

222 963 298 1030 Non
319 967 484 1029 aestuosae
504 966 627 1049 †grata
645 961 809 1028 Calabriae
1061 975 1079 1025 o

223 1050 391 1131 Armenta,
413 1069 481 1112 non
502 1069 615 1115 aurum
636 1050 691 1111 aut
712 1047 790 1111 ebur
811 1046 970 1130 Indicum,

267 1132 344 1198 Non
365 1154 453 1216 rura,
476 1153 556 1216 quae
577 1131 660 1195 Liris
685 1131 792 1214 quieta

318 1215 444 1281 Mordct
458 1237 541 1299 aqua
562 1216 741 1279 taciturnus
763 1216 875 1280 amnis.

223 1350 373 1416 Premant
394 1348 513 1415 Calena
534 1350 615 1415 falce
637 1349 750 1433 quibus
772 1349 860 1414 dedit

223 1433 364 1499 Fortuna
385 1434 496 1518 ritem,
520 1434 608 1498 dives
630 1436 663 1498 et
683 1433 786 1498 aureis
1046 1446 1080 1495 lo

268 1518 427 1583 Mercator
448 1518 585 1582 exsiccet
606 1516 729 1582 culullis

318 1601 404 1666 Vina
425 1601 504 1686 Syra
524 1603 673 1686 reparata
692 1622 819 1685 merces

89 1754 93 1756 ’
224 1734 283 1800 Dis
305 1736 512 1833 carumiprir,
535 1737 653 1821 quippe
673 1740 723 1800 ter
744 1738 777 1800 et
798 1738 910 1820 quater

225 1820 320 1884 Anno
342 1842 482 1885 revisens
504 1841 623 1903 aequor
643 1820 841 1885 Atlanteum

270 1902 402 1988 Inpune.
446 1903 499 1968 Me
520 1907 657 1988 pascunt
678 1905 795 1987 olivae,
1046 1915 1078 1963 ra

319 1987 372 2052 Me
395 1986 541 2052 cichorea
561 1988 708 2072 levesque
730 1989 862 2053 malvae.

227 2120 302 2185 Frui
322 2121 441 2206 paratis
463 2125 496 2186 et
516 2121 621 2186 valido
642 2121 737 2205 mihi,

227 2203 339 2288 Latos,
361 2205 460 2270 dones
481 2208 515 2270 et
534 2226 647 2290 precor
668 2206 793 2290 integre

272 2287 353 2354 llum
372 2292 479 2353 mente
500 2311 560 2354 nec
580 2292 706 2374 turpem
728 2291 888 2354 senectam

320 2370 445 2458 Degere
465 2394 527 2437 nec
549 2373 671 2438 cithara
692 2375 861 2437 carentem.
1046 2386 1079 2434 20

524 2565 676 2573 a——m-

522 2714 670 2788 XXXII.

226 2840 397 2909 Poecimur.
428 2843 539 2929 Siquid
560 2845 652 2909 vacui
674 2845 732 2909 sub
753 2844 866 2909 umbra

226 2924 370 2991 Lusimus
392 2930 513 3012 tecum,
535 2928 619 3012 quod
641 2932 674 2993 et
692 2928 779 2994 hunc
800 2929 835 2993 in
855 2951 974 2993 annmn

226 3009 322 3076 Vivat
343 3015 375 3076 ct
395 3012 517 3096 plures,
541 3033 600 3097 age
626 3012 676 3077 dic
698 3012 862 3096 Latinum,

271 3093 416 3179 Barbite,
440 3117 580 3179 carmen,

226 3226 339 3294 Lesbio
361 3230 500 3313 primum
520 3231 681 3296 modulate
704 3232 779 3314 civi,
1065 3239 1081 3287 δ

228 3309 288 3385 Qui
309 3313 399 3377 ferox
420 3314 504 3378 bello
526 3319 635 3378 tamen
656 3315 739 3379 inter
761 3336 863 3397 arma,

228 3392 298 3461 Sive
319 3397 469 3462 iactatam
489 3398 641 3483 religarat
662 3398 725 3463 udo

272 3476 378 3546 Litore
400 3482 522 3565 navim,
