2600 4026
520 251 629 307 LIBER
649 251 698 308 ΙΙΙ.
1052 247 1093 312 51

233 411 504 496 Desiderantem,
527 413 612 496 quod
634 414 711 478 satis
734 416 797 495 est,
818 435 923 499 neque
1061 427 1094 477 ao

249 495 493 561 Tumultuosum
516 497 667 562 sollicitat
687 520 789 580 mare,

302 579 371 645 Neo
394 600 504 645 saevus
526 581 656 647 Arcturi
677 582 819 647 cadentis

355 663 497 748 Impetus
519 668 574 730 aut
595 666 727 731 orientis
749 665 868 749 Haedi,

247 781 325 847 Non
347 783 528 849 verberatae
550 783 706 867 grandine
726 784 839 849 vineae
886 802 891 813 ’

248 865 441 949 Fundusque
463 866 613 949 mendax,
636 867 747 932 arbore
768 889 854 933 nuno
877 890 974 953 aquas

304 948 364 1016 Oul
387 954 476 1034 ante,
498 972 585 1015 nuno
606 952 762 1016 torrentia
784 974 878 1038 agros

357 973 481 1119 didere,
502 1056 589 1100 nune
605 1034 734 1119 vhiemes
756 1036 890 1121 iniquas.

248 1151 423 1218 Contracta
465 1154 545 1218 isoes
568 1174 604 1217 ae
626 1174 704 1218 uora
726 1155 869 1220 sentiunt

247 1234 346 1301 Iactis
368 1237 402 1301 in
424 1176 524 1301 attam
545 1237 623 1301 moh
646 1258 698 1302 us:
720 1237 782 1302 huo
803 1240 952 1323 frequens

304 1318 475 1387 Caementa
496 1321 636 1386 demittit
655 1322 837 1406 redemptor

356 1403 437 1470 Cum
458 1406 586 1470 famulis
608 1406 818 1490 dominusque
839 1412 941 1474 terrae

247 1522 455 1588 Fastidiosus.
498 1521 560 1587 Sed
582 1522 691 1588 Timor
713 1526 746 1588 et
766 1523 876 1589 Minae

248 1606 414 1672 Soandunt
435 1607 560 1689 eodem,
584 1629 646 1690 quo
669 1607 831 1692 dominus,
854 1629 956 1692 neque

302 1689 437 1756 Deeedit
458 1695 563 1756 aerata
588 1692 711 1756 triremi
733 1696 766 1756 et

355 1775 434 1839 Post
455 1777 594 1861 equitem
616 1776 705 1840 sedet
725 1780 795 1841 atra
817 1776 909 1843 Oura.

249 1892 371 1968 Quodsi
394 1893 554 1958 dolentem
575 1914 635 1957 nee
656 1893 815 1979 Phrygius
837 1895 918 1980 lapis

247 1976 319 2042 Nee
339 1999 550 2061 purpurarum
572 1977 674 2041 sidere
696 1979 810 2043 clarior

303 2059 433 2125 Delenit
452 2084 528 2126 usus
549 2082 609 2125 neo
630 2061 766 2126 Falerna

355 2144 440 2210 Vitis
461 2145 774 2229 Achaemeniumque
796 2151 934 2214 oostum:

247 2260 316 2329 Cur
336 2262 514 2327 invidendis
535 2263 681 2348 postibus
703 2266 736 2327 et
756 2284 840 2328 novo

247 2346 391 2414 Sublime
412 2348 476 2411 ritu
497 2348 610 2413 moliar
631 2347 768 2411 atrium?

304 2429 368 2497 Cur
389 2432 471 2496 valle
496 2434 674 2515 permutem
696 2429 815 2497 Sabina

354 2513 491 2581 Divitias
514 2515 733 2601 operosiores?

583 2773 630 2848 H.

245 2904 430 2988 Angustam
452 2904 551 2969 amice
573 2906 756 2990 pauperiem
777 2905 844 2990 pati

244 2987 409 3053 Robustus
431 2989 497 3053 aeri
518 2988 633 3053 militia
654 3011 732 3074 puer

302 3071 475 3139 Condiseat
496 3076 528 3138 et
548 3072 685 3139 Parthos
706 3074 828 3139 feroces

352 3155 455 3222 Vexat
477 3179 571 3241 eques
594 3158 781 3224 metuendus
804 3158 911 3241 hasta,

241 3273 417 3358 Vitamque
440 3276 498 3340 sub
521 3275 594 3340 divo
617 3280 650 3340 et
670 3277 802 3361 trepidis
825 3279 901 3361 agat
1075 3287 1091 3337 ὅ

240 3357 284 3425 In
306 3358 410 3424 rebus.
454 3358 551 3424 Illum
573 3381 611 3424 ex
631 3362 798 3425 moenibus
820 3360 953 3424 hosticis

283 3441 448 3527 Matrona
469 3443 618 3509 bellantis
640 3446 769 3528 tyranni

348 3526 551 3612 Prospiciens
574 3530 606 3595 et
627 3529 734 3593 adulta
755 3528 846 3614 virgo

900 3633 918 3680 4
923 3628 937 3658 U
