2600 4026
119 197 249 270 xxm]
513 198 622 255 namn
642 200 691 257 111.

208 360 331 445 Regius
352 360 481 446 sanguis
503 360 713 446 dominaeque
733 362 816 427 tradi

209 444 506 530 Barbarae-pelex?
549 444 671 510 Aderat
690 447 835 530 querenti

209 526 497 679 Peffldiggnariiedgns
519 528 629 594 Venus
651 533 684 594 et
704 530 836 595 remisso

210 747 287 812 Mox
306 748 362 812 ubi
383 748 461 813 lusit
481 747 573 832 satis,
597 748 781 813 ‘abstineto’

123 836 125 839 ’
210 829 302 896 Dixit
323 833 453 896 ‘irarmn
475 830 657 918 calidaeque
677 833 780 916 rixae,
1056 847 1091 897 το

212 914 292 984 Cum
312 916 374 981 tibi
395 916 516 982 invisus
536 917 706 982 laceranda
727 917 838 983 reddet

254 998 383 1064 Cornua
402 1003 520 1066 murus.
735 1017 739 1025 '

210 1130 299 1199 onr
319 1135 431 1201 invicti
451 1135 538 1201 Iovis
560 1157 629 1201 esse
649 1136 775 1201 nescis?

212 1217 304 1283 Mitte
326 1219 500 1304 singultim,
521 1220 603 1285 benc
623 1220 707 1284 ferre
728 1241 878 1305 magnam

211 1301 308 1368 Disce
328 1302 504 1387 fortunam3
526 1308 582 1369 tua
604 1307 709 1370 sectus
731 1304 817 1369 orbis
1056 1318 1088 1367 75

253 1386 394 1452 Nomina
415 1387 529 1453 ducet?

531 1578 684 1588 ..ω-

522 1729 688 1803 XXVIH.

211 1856 306 1924 Festo
328 1859 404 1944 quid
416 1860 532 2009 fotius
555 1860 606 1925 die

253 1943 396 2028 Neptuni
431 1944 554 2009 eciam?
587 1944 702 2009 Prome
723 1944 923 2011 reconditum

210 2026 297 2110 Lyde
319 2030 449 2094 strenua
470 2028 664 2113 Caecubum,

252 2111 457 2197 Munitaeque
479 2112 593 2178 adhibe
615 2113 680 2177 vim
702 2113 886 2198 sapientiae.

210 2245 369 2312 Inclinare
390 2248 555 2313 meridiem
587 2276 592 2284 ·
1073 2261 1089 2310 o

254 2329 360 2396 Sentis
382 2355 433 2415 ac,
455 2332 553 2398 veluti
576 2335 639 2397 stet
659 2332 797 2398 volucris
820 2332 902 2416 dies,

210 2414 318 2480 Parcis
341 2415 484 2500 deripere
504 2415 620 2481 horreo

254 2498 440 2565 (lassantem
462 2500 571 2565 Bibuli
594 2502 733 2567 consulis
755 2500 953 2586 amphoram.

209 2633 280 2700 Nos
302 2635 500 2701 cantabimus
521 2636 658 2701 invicem

252 2717 439 2804 Neptunum
462 2724 494 2786 et
516 2721 633 2785 virides
654 2720 828 2787 Nereidum
850 2743 971 2807 comas3
1058 2735 1097 2783 lo

209 2801 293 2866 Tum
315 2825 411 2869 curua
431 2805 554 2871 recines
575 2805 645 2889 lyra

252 2886 411 2953 Latonam
433 2893 465 2954 et
487 2890 597 2955 celcris
619 2890 742 2975 spicula
764 2889 936 2973 Cynthiae:

210 3020 344 3087 Summo
368 3025 522 3108 carmine,
545 3047 625 3110 quae
648 3024 774 3091 Cnidon

254 3106 489 3193 Fulgentesquc
510 3112 599 3174 tenet
621 3108 776 3194 Cycladas
799 3113 831 3175 et
851 3109 985 3194 Paphon

209 3189 335 3255 [unctis
356 3194 432 3258 visit
454 3194 594 3259 oloribus

254 3274 401 3363 Dicetur3
424 3279 537 3344 merita
558 3277 632 3344 Nox
654 3300 778 3363 quoque
801 3279 904 3343 nenia.

536 3469 687 3477 ————
