2610 4028
10 180 12 237 l
125 233 184 304 vu]
531 231 638 295 smus
660 232 693 288 Π.
1029 225 1089 289 Ιττ

125 394 186 459 Per
200 396 306 459 totum
321 392 382 457 hoc
396 395 522 477 tempus
537 393 708 458 subiectior
722 393 757 458 in
771 392 856 458 diem
870 393 1028 458 ethoram

10 494 12 501 '
123 477 267 542 Invidiae
289 480 408 543 nester.
441 476 548 542 Ludos
570 468 769 560 spectauerat
788 498 868 561 una,

118 558 261 627 'Luserat
281 561 316 629 in
338 582 468 647 campo:
501 560 672 626 ‘Fcitunae
693 561 804 626 filiusl'
826 582 947 627 omues.

10 674 12 713 l
123 645 275 731 Frigidus
297 667 318 709 s
338 645 451 710 rostris
472 648 584 710 manat
604 667 662 730 per
683 645 823 729 compita
843 666 964 711 rumor:
1057 659 1091 708 50

10 900 12 959 l
124 897 289 982 Numquid
304 897 344 962 de

10 754 12 765 ²
123 730 261 806 Quicum
283 751 323 794 ue
334 729 446 816 obvius
462 733 521 813 est,
536 752 587 795 me
599 730 751 795 consulit:
771 736 802 794 ‘0
813 730 907 812 bone,
916 751 991 794 nam
1005 733 1038 794 te

125 813 231 897 Seu
254 751 332 879 ‘¹²⁰⁸
353 814 791 965 aususausus
813 813 1020 962 suste

10 984 12 1055 ἒ
125 982 259 1066 Semper
273 980 335 1047 eris
357 981 499 1047 derisor!
537 982 594 1049 ‘At
607 1001 718 1048 omnes
763 982 949 1067 ‘exagitent
961 1001 1027 1064 me,

10 1094 12 1097 ·
126 1064 365 1149 Siquicquam?
392 1065 509 1143 ‘Quies
524 1066 681 1132 militibus

10 1152 11 1167 ἶ
56 1181 57 1184 ¹
125 1149 169 1215 Pr
233 1151 239 1163 ¹
595 1162 597 1165 v
694 1066 1028 1215 premissa'hiquelua
1059 1079 1092 1127 ec

10 1186 12 1245 ss
170 1150 262 1215 aedua
284 1148 401 1215 Caesar
422 1172 463 1215 an
485 1153 534 1215 est
554 1150 638 1216 Itala
662 1154 695 1216 te
719 1172 775 1217 ure
798 1150 951 1215 daturus?

10 1248 11 1255 ’
127 1233 291 1299 Iurantem
312 1256 364 1300 me
386 1235 467 1301 scire
487 1233 570 1299 nihil
591 1235 748 1301 mirantur
753 1285 763 1318 ,
785 1238 823 1299 ut
843 1256 942 1300 unum

10 1346 11 1389 3
126 1317 258 1383 Scilicet
335 1319 399 1404 agii
420 1319 588 1383 mortalem
610 1319 729 1403 altique
750 1320 867 1384 silenti.

10 1440 11 1445 κ
126 1401 274 1467 Perditur
318 1424 374 1467 aec
396 1403 480 1467 inter
501 1403 616 1468 misero
639 1403 694 1468 lux
714 1424 781 1469 non
801 1405 870 1467 sine
891 1404 989 1469 votis:
1010 1406 1013 1411 ⁴
1086 1430 1092 1455 ι

127 1486 235 1570 Orus,
252 1487 377 1570 quando
389 1508 449 1636 εἴ)
464 1490 496 1551 te
514 1487 702 1571 adspiciam,
717 1487 905 1584 quandoque
919 1487 1029 1584 licebit
1060 1500 1093 1548 eo

126 1568 223 1637 Nunc
236 1574 379 1637 veterum
393 1572 418 1636 h
439 1572 485 1636 ris
498 1593 585 1636 nunc
600 1592 713 1636 somno
729 1575 762 1635 et
775 1571 930 1636 inentibus
941 1570 1029 1636 hons

127 1653 252 1720 Ducere
273 1655 428 1721 sollicitae
449 1655 588 1722 iucunda
608 1655 728 1721 oblivia
747 1655 853 1720 vitae?

10 1750 12 1757 '
113 1737 157 1803 *0
180 1738 308 1822 quando
330 1739 404 1804 laba
424 1739 626 1826 Pythagorae
648 1744 787 1825 cognata
808 1739 965 1824 simulque

10 1832 13 1925 'k
72 1892 75 1897 ,
127 1821 235 1888 Vncta
255 1824 333 1888 satis
354 1824 469 1908 pingui
488 1828 649 1908 ponentur
664 1825 807 1890 oluscula
827 1824 940 1889 lardo?

128 1905 157 1971 Ο
179 1911 291 1973 noctes
313 1929 472 1992 cenaeque
493 1908 587 1973 deum
593 1910 604 1993 ,'
625 1909 740 1993 quibus
760 1908 830 1994 ipse
850 1909 975 1992 meique
1061 1924 1093 1971 65

128 1991 215 2055 Ante
230 1991 345 2056 Larem
365 1992 530 2076 propn‘um
550 2013 663 2058 vescor
682 2014 859 2077 vernasque
879 2014 1030 2091 procaces

128 2075 231 2140 Pasce
252 2075 359 2140 libatis
381 2076 526 2160 dapibus.
562 2076 625 2141 Pro
646 2080 683 2140 ut
704 2079 815 2160 cuique
837 2076 982 2161 lib1d0st‚

129 2158 236 2224 Siccat
255 2159 436 2243 inaequales
459 2161 572 2245 calices
594 2160 729 2225 conviva
749 2161 870 2226 solutus

68 2315 71 2320 ,
127 2243 269 2328 Legibus
290 2244 427 2328 insanis,
450 2266 507 2310 seu
528 2245 599 2329 quis
621 2244 708 2328 capit
727 2244 813 2308 acria
832 2243 926 2308 fortis

128 2326 249 2392 Pocula
270 2347 326 2393 seu
346 2328 481 2393 modicis
502 2328 624 2393 uvescit
644 2328 768 2395 laetius.
800 2327 890 2413 Ergo
1060 2342 1094 2390 το

76 2491 80 2496 ¹
129 2409 240 2476 Sermo
262 2413 376 2496 entur,
398 2434 466 2478 non
488 2412 527 2477 de
548 2413 633 2477 villis
654 2411 840 2477 domibusve
861 2411 974 2477 alienis
980 2461 1002 2495 ,„

128 2494 199 2561 Nec
208 2496 292 2560 male
303 2518 403 2562 necne
413 2496 518 2581 Lepos
529 2497 639 2562 saltet·
652 2496 717 2582 sed,
731 2496 815 2580 quod
826 2497 930 2582 magis
940 2495 981 2560 ad
991 2517 1050 2562 nos

127 2578 279 2676 Pertinet·
293 2582 326 2644 et
345 2581 469 2649 nescire
490 2545 655 2664 malumst,
678 2581 851 2666 agitamus,
873 2584 1022 2647 utrumne

128 2661 259 2728 Dipsas
280 2662 426 2733 homines
448 2687 491 2730 an
512 2666 579 2731 sint
598 2666 714 2730 virtute
736 2665 836 2750 beati3

128 2745 312 2822 Quidve'ad
334 2749 490 2815 amicitias
527 2770 603 2815 usus
624 2753 802 2830 rectumne,
823 2748 930 2813 trahat
949 2769 1022 2835 n0s3
1061 2760 1093 2810 75
1161 2778 1166 2787 ·

127 2830 173 2896 Et
194 2853 274 2915 quae
296 2833 339 2898 sit
358 2837 474 2899 natura
494 2799 572 2899 boni
593 2854 813 2917 summumque
835 2832 911 2916 quid
933 2832 1009 2896 eius

128 2914 261 2981 Cervius
282 2915 361 2983 haec
382 2919 466 2983 inter
487 2919 611 2983 vicinus
632 2918 734 3003 garrit
754 2917 854 2982 aniles

127 2997 179 3062 Ex
199 3021 235 3064 re
256 3001 399 3068 fabellas.
444 3001 549 3087 Siquis
570 3024 645 3067 nam
666 3001 783 3067 laudat
795 3001 898 3067 Arelli

128 3081 287 3150 Sollicitas
308 3086 440 3172 ignarus
463 3106 556 3170 opes,
579 3087 625 3150 sic
646 3085 760 3169 insipit
781 3087 870 3150 ‘olim
892 3146 895 3153 ,

126 3164 278 3233 Rusticus
299 3170 456 3236 urbanum
476 3191 598 3236 murem
619 3191 692 3234 mus
735 3191 850 3254 supere
872 3171 975 3235 fertem
1022 3186 1029 3199 ·
1061 3182 1093 3230 so

126 3251 301 3336 Accepisse
323 3276 416 3338 eave,
438 3258 577 3319 veterem
597 3257 688 3317 vetus
710 3193 826 3337 inspes
849 3254 1000 3336 amicum,

127 3336 175 3398 As
199 3358 233 3400 er
254 3341 287 3401 et
309 3340 449 3403 attentus
471 3337 622 3422 quaesitis
629 3387 638 3421 ,
660 3340 697 3401 ut
717 3340 825 3402 tamen
847 3340 950 3400 artum

127 3358 272 3487 Solieret
286 3420 435 3505 hospitiis
447 3422 598 3486 animum.
625 3420 708 3497 Quid
722 3420 844 3485 multa?
858 3441 960 3504 neque
974 3420 1029 3484 ille

127 3500 266 3587 Seposili
289 3506 399 3570 ciceris
420 3527 480 3571 nec
501 3506 618 3590 longae
639 3504 755 3588 invidit
776 3525 908 3587 avenae,

176 3604 307 3647 Hosantvs.
793 3604 795 3609 ’
908 3610 939 3658 12
