<?xml version="1.0" encoding="UTF-8"?>
<!DOCTYPE html PUBLIC "-//W3C//DTD XHTML 1.0 Transitional//EN"
    "http://www.w3.org/TR/xhtml1/DTD/xhtml1-transitional.dtd">
<html xmlns="http://www.w3.org/1999/xhtml" xml:lang="en" lang="en">
 <head>
  <title>
</title>
<meta http-equiv="Content-Type" content="text/html;charset=utf-8" />
  <meta name='ocr-system' content='tesseract 3.04.00' />
  <meta name='ocr-capabilities' content='ocr_page ocr_carea ocr_par ocr_line ocrx_word'/>
</head>
<body>
  <div class='ocr_page' id='page_1' title='image "./qhoratiiflacica00mlgoog_0014.png"; bbox 0 0 2570 4022; ppageno 0'>
   <div class='ocr_carea' id='block_1_1' title="bbox 505 118 1094 224">
    <p class='ocr_par' dir='ltr' id='par_1_1' title="bbox 505 118 1094 224">
     <span class='ocr_line' id='line_1_1' title="bbox 505 118 1094 224; baseline 0.002 -1"><span class='ocrx_word' id='word_1_1' title='bbox 505 165 722 224; x_wconf 77' lang='lat' dir='ltr'><strong>PRAEFATIO.</strong></span> <span class='ocrx_word' id='word_1_2' title='bbox 946 118 950 123; x_wconf 48' lang='lat'><em>⁶</em></span> <span class='ocrx_word' id='word_1_3' title='bbox 1056 168 1094 224; x_wconf 82' lang='lat' dir='ltr'><strong>Ill</strong></span> 
     </span>
    </p>
   </div>
   <div class='ocr_carea' id='block_1_2' title="bbox 125 318 1199 2340">
    <p class='ocr_par' dir='ltr' id='par_1_2' title="bbox 127 318 1093 470">
     <span class='ocr_line' id='line_1_2' title="bbox 127 318 1093 405; baseline 0.001 -19"><span class='ocrx_word' id='word_1_4' title='bbox 127 318 279 401; x_wconf 79' lang='lat' dir='ltr'><strong>Quorum</strong></span> <span class='ocrx_word' id='word_1_5' title='bbox 299 318 433 392; x_wconf 80' lang='lat' dir='ltr'><strong>nomina</strong></span> <span class='ocrx_word' id='word_1_6' title='bbox 455 339 528 385; x_wconf 89' lang='lat' dir='ltr'><strong>cum</strong></span> <span class='ocrx_word' id='word_1_7' title='bbox 545 318 646 405; x_wconf 82' lang='lat' dir='ltr'><strong>vulgo</strong></span> <span class='ocrx_word' id='word_1_8' title='bbox 667 319 735 385; x_wconf 85' lang='lat' dir='ltr'><strong>sint</strong></span> <span class='ocrx_word' id='word_1_9' title='bbox 756 327 833 387; x_wconf 89' lang='lat' dir='ltr'><strong>nota</strong></span> <span class='ocrx_word' id='word_1_10' title='bbox 853 318 916 387; x_wconf 89' lang='lat' dir='ltr'><strong>hoc</strong></span> <span class='ocrx_word' id='word_1_11' title='bbox 936 318 1008 388; x_wconf 94' lang='lat' dir='ltr'><strong>loco</strong></span> <span class='ocrx_word' id='word_1_12' title='bbox 1028 342 1093 387; x_wconf 90' lang='lat' dir='ltr'><strong>me·</strong></span> 
     </span>
     <span class='ocr_line' id='line_1_3' title="bbox 127 404 490 470; baseline 0 -2"><span class='ocrx_word' id='word_1_13' title='bbox 127 425 252 470; x_wconf 79' lang='lat' dir='ltr'><strong>morare</strong></span> <span class='ocrx_word' id='word_1_14' title='bbox 274 425 342 469; x_wconf 90' lang='lat' dir='ltr'><strong>non</strong></span> <span class='ocrx_word' id='word_1_15' title='bbox 362 404 490 468; x_wconf 76' lang='lat' dir='ltr'><strong>attinet.</strong></span> 
     </span>
    </p>

    <p class='ocr_par' dir='ltr' id='par_1_3' title="bbox 125 486 1199 2340">
     <span class='ocr_line' id='line_1_4' title="bbox 173 486 1094 589; baseline 0.002 -35"><span class='ocrx_word' id='word_1_16' title='bbox 173 488 235 588; x_wconf 41' lang='lat' dir='ltr'><strong>&#39;Et</strong></span> <span class='ocrx_word' id='word_1_17' title='bbox 269 487 312 551; x_wconf 91' lang='lat' dir='ltr'><strong>de</strong></span> <span class='ocrx_word' id='word_1_18' title='bbox 345 486 598 574; x_wconf 80' lang='lat' dir='ltr'>interpolatione</span> <span class='ocrx_word' id='word_1_19' title='bbox 629 487 809 587; x_wconf 78' lang='lat' dir='ltr'><strong>carminum</strong></span> <span class='ocrx_word' id='word_1_20' title='bbox 840 487 1094 589; x_wconf 73' lang='lat' dir='ltr'><strong>Horatianorum</strong></span> 
     </span>
     <span class='ocr_line' id='line_1_5' title="bbox 128 569 1199 745; baseline 0.003 -25"><span class='ocrx_word' id='word_1_21' title='bbox 128 573 217 721; x_wconf 73' lang='lat' dir='ltr'><strong>td</strong></span> <span class='ocrx_word' id='word_1_22' title='bbox 237 580 481 741; x_wconf 46' lang='lat' dir='ltr'><strong>diffidit}</strong></span> <span class='ocrx_word' id='word_1_23' title='bbox 504 569 1094 745; x_wconf 57' lang='lat' dir='ltr'><strong>tittdltttttttltdtt</strong></span> <span class='ocrx_word' id='word_1_24' title='bbox 1195 633 1199 640; x_wconf 89' lang='grc'><em>·</em></span> 
     </span>
     <span class='ocr_line' id='line_1_6' title="bbox 126 736 1095 829; baseline 0.004 -25"><span class='ocrx_word' id='word_1_25' title='bbox 126 762 157 804; x_wconf 88' lang='lat' dir='ltr'><strong>a.</strong></span> <span class='ocrx_word' id='word_1_26' title='bbox 184 755 393 805; x_wconf 77' lang='lat' dir='ltr'><strong>nncccuxm</strong></span> <span class='ocrx_word' id='word_1_27' title='bbox 423 737 434 827; x_wconf 90' lang='lat'>[</span> <span class='ocrx_word' id='word_1_28' title='bbox 465 736 692 828; x_wconf 76' lang='lat'>‚176-184]</span> <span class='ocrx_word' id='word_1_29' title='bbox 728 749 761 805; x_wconf 92' lang='lat' dir='ltr'><strong>et</strong></span> <span class='ocrx_word' id='word_1_30' title='bbox 788 760 892 826; x_wconf 87' lang='lat' dir='ltr'>nuper</span> <span class='ocrx_word' id='word_1_31' title='bbox 919 740 1003 806; x_wconf 86' lang='lat' dir='ltr'><strong>libro</strong></span> <span class='ocrx_word' id='word_1_32' title='bbox 1030 764 1095 829; x_wconf 92' lang='lat' dir='ltr'><strong>quo</strong></span> 
     </span>
     <span class='ocr_line' id='line_1_7' title="bbox 128 821 1095 910; baseline 0.002 -22"><span class='ocrx_word' id='word_1_33' title='bbox 128 824 340 889; x_wconf 74' lang='lat' dir='ltr'><strong>classicorum</strong></span> <span class='ocrx_word' id='word_1_34' title='bbox 365 844 409 910; x_wconf 87' lang='lat' dir='ltr'><strong>ap</strong></span> <span class='ocrx_word' id='word_1_35' title='bbox 475 821 703 890; x_wconf 85' lang='lat' dir='ltr'><strong>Nederlandos</strong></span> <span class='ocrx_word' id='word_1_36' title='bbox 729 821 911 903; x_wconf 85' lang='lat' dir='ltr'><strong>studiorum</strong></span> <span class='ocrx_word' id='word_1_37' title='bbox 933 824 1002 889; x_wconf 89' lang='lat' dir='ltr'><strong>fata</strong></span> <span class='ocrx_word' id='word_1_38' title='bbox 1023 847 1095 890; x_wconf 89' lang='lat' dir='ltr'><strong>sum</strong></span> 
     </span>
     <span class='ocr_line' id='line_1_8' title="bbox 128 904 1095 1007; baseline 0.002 -35"><span class='ocrx_word' id='word_1_39' title='bbox 128 917 318 995; x_wconf 85' lang='lat' dir='ltr'><strong>persecutus</strong></span> <span class='ocrx_word' id='word_1_40' title='bbox 336 904 402 995; x_wconf 82' lang='lat' dir='ltr'><strong>[pg.</strong></span> <span class='ocrx_word' id='word_1_41' title='bbox 420 907 510 973; x_wconf 82' lang='lat' dir='ltr'><strong>113s</strong></span> <span class='ocrx_word' id='word_1_42' title='bbox 535 905 598 1007; x_wconf 75' lang='lat' dir='ltr'><strong>q.],</strong></span> <span class='ocrx_word' id='word_1_43' title='bbox 621 907 765 972; x_wconf 86' lang='lat' dir='ltr'><strong>viderint</strong></span> <span class='ocrx_word' id='word_1_44' title='bbox 801 908 898 975; x_wconf 89' lang='lat' dir='ltr'><strong>uibus</strong></span> <span class='ocrx_word' id='word_1_45' title='bbox 920 908 1011 974; x_wconf 89' lang='lat' dir='ltr'><strong>cordi</strong></span> <span class='ocrx_word' id='word_1_46' title='bbox 1033 911 1095 974; x_wconf 89' lang='lat' dir='ltr'><strong>erit</strong></span> 
     </span>
     <span class='ocr_line' id='line_1_9' title="bbox 128 929 1095 1059; baseline 0 -2"><span class='ocrx_word' id='word_1_47' title='bbox 128 993 324 1057; x_wconf 87' lang='lat' dir='ltr'><strong>sententiam</strong></span> <span class='ocrx_word' id='word_1_48' title='bbox 350 999 496 1057; x_wconf 87' lang='lat' dir='ltr'><strong>nostram</strong></span> <span class='ocrx_word' id='word_1_49' title='bbox 513 929 603 1058; x_wconf 78' lang='lat' dir='ltr'><strong>locs</strong></span> <span class='ocrx_word' id='word_1_50' title='bbox 624 991 721 1058; x_wconf 88' lang='lat' dir='ltr'><strong>modo</strong></span> <span class='ocrx_word' id='word_1_51' title='bbox 746 994 782 1058; x_wconf 90' lang='lat' dir='ltr'><strong>in</strong></span> <span class='ocrx_word' id='word_1_52' title='bbox 807 992 910 1059; x_wconf 76' lang='lat' dir='ltr'><strong>‘catis</strong></span> <span class='ocrx_word' id='word_1_53' title='bbox 938 1029 980 1045; x_wconf 88' lang='lat'><em>-</em></span> <span class='ocrx_word' id='word_1_54' title='bbox 1005 991 1095 1057; x_wconf 90' lang='lat' dir='ltr'><strong>Hinc</strong></span> 
     </span>
     <span class='ocr_line' id='line_1_10' title="bbox 127 1074 1093 1225; baseline 0.002 -85"><span class='ocrx_word' id='word_1_55' title='bbox 127 1097 186 1164; x_wconf 89' lang='lat' dir='ltr'><strong>pro</strong></span> <span class='ocrx_word' id='word_1_56' title='bbox 212 1076 280 1139; x_wconf 86' lang='lat' dir='ltr'><strong>fide</strong></span> <span class='ocrx_word' id='word_1_57' title='bbox 307 1074 465 1162; x_wconf 86' lang='lat' dir='ltr'><strong>quasdam</strong></span> <span class='ocrx_word' id='word_1_58' title='bbox 493 1075 644 1163; x_wconf 87' lang='lat' dir='ltr'><strong>strophas</strong></span> <span class='ocrx_word' id='word_1_59' title='bbox 672 1077 886 1142; x_wconf 80' lang='lat' dir='ltr'><strong>secernendus</strong></span> <span class='ocrx_word' id='word_1_60' title='bbox 913 1096 934 1141; x_wconf 99' lang='lat' dir='ltr'><strong>a</strong></span> <span class='ocrx_word' id='word_1_61' title='bbox 959 1076 1093 1225; x_wconf 67' lang='lat' dir='ltr'><strong>relipuis</strong></span> 
     </span>
     <span class='ocr_line' id='line_1_11' title="bbox 128 1158 1093 1229; baseline 0.002 -5"><span class='ocrx_word' id='word_1_62' title='bbox 128 1170 162 1226; x_wconf 91' lang='lat' dir='ltr'><strong>et</strong></span> <span class='ocrx_word' id='word_1_63' title='bbox 187 1161 282 1224; x_wconf 88' lang='lat' dir='ltr'><strong>uncis</strong></span> <span class='ocrx_word' id='word_1_64' title='bbox 303 1158 520 1224; x_wconf 82' lang='lat' dir='ltr'><strong>includendas</strong></span> <span class='ocrx_word' id='word_1_65' title='bbox 542 1162 729 1226; x_wconf 84' lang='lat' dir='ltr'><strong>censuimus</strong></span> <span class='ocrx_word' id='word_1_66' title='bbox 755 1181 817 1225; x_wconf 89' lang='lat' dir='ltr'><strong>nec</strong></span> <span class='ocrx_word' id='word_1_67' title='bbox 844 1170 953 1226; x_wconf 89' lang='lat' dir='ltr'><strong>tamen</strong></span> <span class='ocrx_word' id='word_1_68' title='bbox 973 1183 1029 1225; x_wconf 89' lang='lat' dir='ltr'><strong>mu</strong></span> <span class='ocrx_word' id='word_1_69' title='bbox 1043 1171 1093 1229; x_wconf 86' lang='lat' dir='ltr'><strong>tas</strong></span> 
     </span>
     <span class='ocr_line' id='line_1_12' title="bbox 128 1243 1089 1332; baseline 0.002 -23"><span class='ocrx_word' id='word_1_70' title='bbox 128 1253 162 1309; x_wconf 90' lang='lat' dir='ltr'><strong>et</strong></span> <span class='ocrx_word' id='word_1_71' title='bbox 193 1264 331 1330; x_wconf 83' lang='lat' dir='ltr'><strong>quarum</strong></span> <span class='ocrx_word' id='word_1_72' title='bbox 363 1244 542 1309; x_wconf 86' lang='lat' dir='ltr'><strong>maximam</strong></span> <span class='ocrx_word' id='word_1_73' title='bbox 574 1253 701 1332; x_wconf 86' lang='lat' dir='ltr'><strong>partem</strong></span> <span class='ocrx_word' id='word_1_74' title='bbox 726 1244 793 1309; x_wconf 90' lang='lat' dir='ltr'><strong>iam</strong></span> <span class='ocrx_word' id='word_1_75' title='bbox 819 1243 1006 1311; x_wconf 77' lang='lat' dir='ltr'><strong>Meinelrius</strong></span> <span class='ocrx_word' id='word_1_76' title='bbox 1039 1267 1089 1310; x_wconf 86' lang='lat' dir='ltr'><strong>au-</strong></span> 
     </span>
     <span class='ocr_line' id='line_1_13' title="bbox 128 1326 1094 1416; baseline -0.002 -22"><span class='ocrx_word' id='word_1_77' title='bbox 128 1337 319 1416; x_wconf 82' lang='lat' dir='ltr'><strong>spectasset</strong></span> <span class='ocrx_word' id='word_1_78' title='bbox 357 1326 403 1392; x_wconf 80' lang='lat' dir='ltr'><strong>Et</strong></span> <span class='ocrx_word' id='word_1_79' title='bbox 423 1336 460 1392; x_wconf 90' lang='lat' dir='ltr'><strong>ut</strong></span> <span class='ocrx_word' id='word_1_80' title='bbox 482 1327 590 1395; x_wconf 85' lang='lat' dir='ltr'><strong>dicam</strong></span> <span class='ocrx_word' id='word_1_81' title='bbox 611 1326 699 1414; x_wconf 86' lang='lat' dir='ltr'><strong>quod</strong></span> <span class='ocrx_word' id='word_1_82' title='bbox 719 1330 825 1396; x_wconf 88' lang='lat' dir='ltr'><strong>sentio</strong></span> <span class='ocrx_word' id='word_1_83' title='bbox 847 1350 911 1415; x_wconf 88' lang='lat' dir='ltr'><strong>quo</strong></span> <span class='ocrx_word' id='word_1_84' title='bbox 931 1330 1037 1415; x_wconf 85' lang='lat' dir='ltr'><strong>magis</strong></span> <span class='ocrx_word' id='word_1_85' title='bbox 1058 1329 1094 1393; x_wconf 92' lang='lat' dir='ltr'><strong>in</strong></span> 
     </span>
     <span class='ocr_line' id='line_1_14' title="bbox 127 1410 1094 1499; baseline -0.001 -21"><span class='ocrx_word' id='word_1_86' title='bbox 127 1421 199 1478; x_wconf 84' lang='lat' dir='ltr'><strong>arte</strong></span> <span class='ocrx_word' id='word_1_87' title='bbox 220 1410 365 1498; x_wconf 83' lang='lat' dir='ltr'><strong>proficio,</strong></span> <span class='ocrx_word' id='word_1_88' title='bbox 389 1432 427 1477; x_wconf 92' lang='lat' dir='ltr'><strong>eo</strong></span> <span class='ocrx_word' id='word_1_89' title='bbox 449 1411 617 1477; x_wconf 86' lang='lat' dir='ltr'><strong>diffieilior</strong></span> <span class='ocrx_word' id='word_1_90' title='bbox 636 1410 716 1477; x_wconf 90' lang='lat' dir='ltr'><strong>mihi</strong></span> <span class='ocrx_word' id='word_1_91' title='bbox 737 1412 869 1477; x_wconf 90' lang='lat' dir='ltr'><strong>videtur</strong></span> <span class='ocrx_word' id='word_1_92' title='bbox 883 1413 1030 1499; x_wconf 80' lang='lat' dir='ltr'><strong>quaestio</strong></span> <span class='ocrx_word' id='word_1_93' title='bbox 1052 1413 1094 1478; x_wconf 90' lang='lat' dir='ltr'><strong>de</strong></span> 
     </span>
     <span class='ocr_line' id='line_1_15' title="bbox 125 1494 1093 1583; baseline 0 -22"><span class='ocrx_word' id='word_1_94' title='bbox 125 1494 438 1583; x_wconf 65' lang='lat' dir='ltr'><strong>vinterpolationibus</strong></span> <span class='ocrx_word' id='word_1_95' title='bbox 459 1495 662 1562; x_wconf 80' lang='lat' dir='ltr'><strong>Horatianis.</strong></span> <span class='ocrx_word' id='word_1_96' title='bbox 705 1495 822 1582; x_wconf 88' lang='lat' dir='ltr'><strong>Itaque</strong></span> <span class='ocrx_word' id='word_1_97' title='bbox 844 1516 972 1562; x_wconf 90' lang='lat' dir='ltr'><strong>omnem</strong></span> <span class='ocrx_word' id='word_1_98' title='bbox 993 1506 1093 1563; x_wconf 89' lang='lat' dir='ltr'><strong>teme·</strong></span> 
     </span>
     <span class='ocr_line' id='line_1_16' title="bbox 126 1579 1093 1664; baseline 0 -17"><span class='ocrx_word' id='word_1_99' title='bbox 126 1583 258 1647; x_wconf 86' lang='lat' dir='ltr'><strong>ritatem</strong></span> <span class='ocrx_word' id='word_1_100' title='bbox 284 1579 327 1644; x_wconf 86' lang='lat' dir='ltr'><strong>ab</strong></span> <span class='ocrx_word' id='word_1_101' title='bbox 361 1600 442 1645; x_wconf 90' lang='lat' dir='ltr'><strong>eas</strong></span> <span class='ocrx_word' id='word_1_102' title='bbox 503 1579 663 1664; x_wconf 80' lang='lat' dir='ltr'><strong>ogandam</strong></span> <span class='ocrx_word' id='word_1_103' title='bbox 691 1582 890 1647; x_wconf 86' lang='lat' dir='ltr'><strong>existimavi.</strong></span> <span class='ocrx_word' id='word_1_104' title='bbox 939 1580 1093 1656; x_wconf 81' lang='lat' dir='ltr'><strong>Ceterum</strong></span> 
     </span>
     <span class='ocr_line' id='line_1_17' title="bbox 127 1663 1092 1753; baseline 0.001 -23"><span class='ocrx_word' id='word_1_105' title='bbox 127 1663 218 1751; x_wconf 87' lang='lat' dir='ltr'><strong>quod</strong></span> <span class='ocrx_word' id='word_1_106' title='bbox 238 1684 349 1728; x_wconf 85' lang='lat' dir='ltr'><strong>omncs</strong></span> <span class='ocrx_word' id='word_1_107' title='bbox 365 1663 469 1751; x_wconf 90' lang='lat' dir='ltr'><strong>proba</strong></span> <span class='ocrx_word' id='word_1_108' title='bbox 493 1663 609 1731; x_wconf 85' lang='lat' dir='ltr'><strong>ilitatis</strong></span> <span class='ocrx_word' id='word_1_109' title='bbox 630 1686 783 1733; x_wconf 87' lang='lat' dir='ltr'><strong>numeros</strong></span> <span class='ocrx_word' id='word_1_110' title='bbox 804 1664 919 1752; x_wconf 86' lang='lat' dir='ltr'><strong>implet</strong></span> <span class='ocrx_word' id='word_1_111' title='bbox 933 1667 1092 1753; x_wconf 83' lang='lat' dir='ltr'><strong>proximis</strong></span> 
     </span>
     <span class='ocr_line' id='line_1_18' title="bbox 126 1747 1093 1838; baseline 0.002 -26"><span class='ocrx_word' id='word_1_112' title='bbox 126 1758 202 1836; x_wconf 88' lang='lat' dir='ltr'><strong>post</strong></span> <span class='ocrx_word' id='word_1_113' title='bbox 215 1747 373 1813; x_wconf 81' lang='lat' dir='ltr'><strong>Flaccum</strong></span> <span class='ocrx_word' id='word_1_114' title='bbox 393 1748 487 1813; x_wconf 88' lang='lat' dir='ltr'><strong>annis</strong></span> <span class='ocrx_word' id='word_1_115' title='bbox 504 1765 551 1813; x_wconf 76' lang='lat' dir='ltr'><strong>nx</strong></span> <span class='ocrx_word' id='word_1_116' title='bbox 572 1749 745 1835; x_wconf 85' lang='lat' dir='ltr'><strong>irrepsisse</strong></span> <span class='ocrx_word' id='word_1_117' title='bbox 767 1748 928 1838; x_wconf 88' lang='lat' dir='ltr'><strong>quidquid</strong></span> <span class='ocrx_word' id='word_1_118' title='bbox 949 1752 984 1815; x_wconf 91' lang='lat' dir='ltr'><strong>in</strong></span> <span class='ocrx_word' id='word_1_119' title='bbox 999 1749 1093 1815; x_wconf 85' lang='lat' dir='ltr'><strong>libris</strong></span> 
     </span>
     <span class='ocr_line' id='line_1_19' title="bbox 128 1831 1091 1921; baseline 0.004 -25"><span class='ocrx_word' id='word_1_120' title='bbox 128 1835 199 1899; x_wconf 88' lang='lat' dir='ltr'><strong>eius</strong></span> <span class='ocrx_word' id='word_1_121' title='bbox 219 1831 300 1899; x_wconf 85' lang='lat' dir='ltr'><strong>latet</strong></span> <span class='ocrx_word' id='word_1_122' title='bbox 321 1853 475 1898; x_wconf 85' lang='lat' dir='ltr'><strong>versuum</strong></span> <span class='ocrx_word' id='word_1_123' title='bbox 497 1833 697 1921; x_wconf 84' lang='lat' dir='ltr'><strong>spuriorum,</strong></span> <span class='ocrx_word' id='word_1_124' title='bbox 720 1834 818 1899; x_wconf 89' lang='lat' dir='ltr'><strong>etiam</strong></span> <span class='ocrx_word' id='word_1_125' title='bbox 833 1835 978 1899; x_wconf 85' lang='lat' dir='ltr'><strong>metricis</strong></span> <span class='ocrx_word' id='word_1_126' title='bbox 992 1834 1091 1900; x_wconf 89' lang='lat' dir='ltr'><strong>ratio·</strong></span> 
     </span>
     <span class='ocr_line' id='line_1_20' title="bbox 126 1915 1093 2006; baseline 0.001 -25"><span class='ocrx_word' id='word_1_127' title='bbox 126 1916 225 1981; x_wconf 89' lang='lat' dir='ltr'><strong>nibus</strong></span> <span class='ocrx_word' id='word_1_128' title='bbox 249 1915 487 2003; x_wconf 85' lang='lat' dir='ltr'><strong>comprobatur.</strong></span> <span class='ocrx_word' id='word_1_129' title='bbox 530 1916 616 1982; x_wconf 88' lang='lat' dir='ltr'><strong>Nam</strong></span> <span class='ocrx_word' id='word_1_130' title='bbox 634 1939 662 1981; x_wconf 92' lang='lat' dir='ltr'><strong>c.</strong></span> <span class='ocrx_word' id='word_1_131' title='bbox 677 1935 716 2001; x_wconf 87' lang='lat'><strong>11,</strong></span> <span class='ocrx_word' id='word_1_132' title='bbox 731 1918 775 1984; x_wconf 84' lang='lat'><strong>20</strong></span> <span class='ocrx_word' id='word_1_133' title='bbox 802 1919 840 1982; x_wconf 89' lang='lat'><strong>11</strong></span> <span class='ocrx_word' id='word_1_134' title='bbox 864 1918 951 2006; x_wconf 89' lang='lat' dir='ltr'><strong>quod</strong></span> <span class='ocrx_word' id='word_1_135' title='bbox 971 1918 1093 2004; x_wconf 85' lang='lat' dir='ltr'><strong>legitur</strong></span> 
     </span>
     <span class='ocr_line' id='line_1_21' title="bbox 128 1966 1092 2089; baseline 0.001 -24"><span class='ocrx_word' id='word_1_136' title='bbox 128 2006 291 2088; x_wconf 73' lang='lat' dir='ltr'><strong>‘superne&#39;</strong></span> <span class='ocrx_word' id='word_1_137' title='bbox 305 2010 457 2087; x_wconf 80' lang='lat' dir='ltr'><strong>correpta</strong></span> <span class='ocrx_word' id='word_1_138' title='bbox 469 1999 577 2084; x_wconf 83' lang='lat' dir='ltr'><strong>finali,</strong></span> <span class='ocrx_word' id='word_1_139' title='bbox 592 2022 750 2086; x_wconf 74' lang='lat' dir='ltr'><strong>agnosces</strong></span> <span class='ocrx_word' id='word_1_140' title='bbox 763 1966 911 2068; x_wconf 71' lang='lat' dir='ltr'><strong>innecii</strong></span> <span class='ocrx_word' id='word_1_141' title='bbox 916 2050 926 2084; x_wconf 88' lang='lat'><strong><em>,</em></strong></span> <span class='ocrx_word' id='word_1_142' title='bbox 943 2003 999 2089; x_wconf 88' lang='lat' dir='ltr'><strong>qui</strong></span> <span class='ocrx_word' id='word_1_143' title='bbox 1013 2005 1092 2067; x_wconf 88' lang='lat' dir='ltr'><strong>item</strong></span> 
     </span>
     <span class='ocr_line' id='line_1_22' title="bbox 127 2084 1091 2173; baseline 0.003 -25"><span class='ocrx_word' id='word_1_144' title='bbox 127 2084 312 2166; x_wconf 72' lang='lat' dir='ltr'><strong>breviavit,</strong></span> <span class='ocrx_word' id='word_1_145' title='bbox 339 2085 571 2167; x_wconf 84' lang='lat' dir='ltr'><strong>imitationem,</strong></span> <span class='ocrx_word' id='word_1_146' title='bbox 594 2106 691 2172; x_wconf 89' lang='lat' dir='ltr'><strong>quam</strong></span> <span class='ocrx_word' id='word_1_147' title='bbox 706 2086 862 2173; x_wconf 85' lang='lat' dir='ltr'><strong>proximo</strong></span> <span class='ocrx_word' id='word_1_148' title='bbox 883 2088 1003 2173; x_wconf 86' lang='lat' dir='ltr'><strong>cuique</strong></span> <span class='ocrx_word' id='word_1_149' title='bbox 1022 2088 1091 2152; x_wconf 88' lang='lat' dir='ltr'><strong>Au-</strong></span> 
     </span>
     <span class='ocr_line' id='line_1_23' title="bbox 128 2164 1092 2256; baseline 0 -22"><span class='ocrx_word' id='word_1_150' title='bbox 128 2171 221 2254; x_wconf 81' lang='lat' dir='ltr'><strong>gusti</strong></span> <span class='ocrx_word' id='word_1_151' title='bbox 247 2164 439 2254; x_wconf 77' lang='lat' dir='ltr'><strong>aequalibus</strong></span> <span class='ocrx_word' id='word_1_152' title='bbox 461 2170 600 2256; x_wconf 87' lang='lat' dir='ltr'><strong>tempori</strong></span> <span class='ocrx_word' id='word_1_153' title='bbox 621 2168 728 2235; x_wconf 88' lang='lat' dir='ltr'><strong>libens</strong></span> <span class='ocrx_word' id='word_1_154' title='bbox 749 2169 950 2254; x_wconf 82' lang='lat' dir='ltr'><strong>adsignabis.</strong></span> <span class='ocrx_word' id='word_1_155' title='bbox 994 2171 1092 2235; x_wconf 87' lang='lat' dir='ltr'><strong>Prae·</strong></span> 
     </span>
     <span class='ocr_line' id='line_1_24' title="bbox 127 2251 1092 2340; baseline -0.001 -22"><span class='ocrx_word' id='word_1_156' title='bbox 127 2263 219 2318; x_wconf 84' lang='lat' dir='ltr'><strong>terea</strong></span> <span class='ocrx_word' id='word_1_157' title='bbox 228 2254 265 2317; x_wconf 88' lang='lat' dir='ltr'><strong>in</strong></span> <span class='ocrx_word' id='word_1_158' title='bbox 276 2273 375 2319; x_wconf 84' lang='lat' dir='ltr'><strong>versu</strong></span> <span class='ocrx_word' id='word_1_159' title='bbox 383 2273 486 2340; x_wconf 87' lang='lat' dir='ltr'><strong>seque</strong></span> <span class='ocrx_word' id='word_1_160' title='bbox 499 2253 712 2340; x_wconf 89' lang='lat' dir='ltr'><strong>suppositicio</strong></span> <span class='ocrx_word' id='word_1_161' title='bbox 723 2251 942 2339; x_wconf 84' lang='lat' dir='ltr'><strong>Asclepiadeo</strong></span> <span class='ocrx_word' id='word_1_162' title='bbox 956 2251 1030 2339; x_wconf 86' lang='lat'>[1,6‚</span> <span class='ocrx_word' id='word_1_163' title='bbox 1039 2253 1092 2339; x_wconf 87' lang='lat'><strong>14]</strong></span> 
     </span>
    </p>
   </div>
   <div class='ocr_carea' id='block_1_3' title="bbox 236 2382 924 2465">
    <p class='ocr_par' dir='ltr' id='par_1_4' title="bbox 236 2382 924 2465">
     <span class='ocr_line' id='line_1_25' title="bbox 236 2382 924 2465; baseline -0.001 -19"><span class='ocrx_word' id='word_1_164' title='bbox 236 2426 260 2465; x_wconf 42' lang='grc' dir='ltr'><strong><em>χ</em></strong></span> <span class='ocrx_word' id='word_1_165' title='bbox 280 2382 375 2462; x_wconf 82' lang='lat' dir='ltr'><strong>digne</strong></span> <span class='ocrx_word' id='word_1_166' title='bbox 396 2385 551 2464; x_wconf 74' lang='lat' dir='ltr'><strong>scripserit</strong></span> <span class='ocrx_word' id='word_1_167' title='bbox 572 2393 626 2445; x_wconf 92' lang='lat' dir='ltr'><strong>aut</strong></span> <span class='ocrx_word' id='word_1_168' title='bbox 648 2385 776 2465; x_wconf 88' lang='lat' dir='ltr'><strong>pulvere</strong></span> <span class='ocrx_word' id='word_1_169' title='bbox 797 2383 924 2458; x_wconf 82' lang='lat' dir='ltr'><strong>Troico,</strong></span> 
     </span>
    </p>
   </div>
   <div class='ocr_carea' id='block_1_4' title="bbox 82 2502 1095 3515">
    <p class='ocr_par' dir='ltr' id='par_1_5' title="bbox 126 2502 1093 2698">
     <span class='ocr_line' id='line_1_26' title="bbox 126 2502 1093 2592; baseline 0.003 -25"><span class='ocrx_word' id='word_1_170' title='bbox 126 2502 308 2568; x_wconf 86' lang='lat' dir='ltr'><strong>notandum</strong></span> <span class='ocrx_word' id='word_1_171' title='bbox 322 2502 522 2591; x_wconf 86' lang='lat' dir='ltr'><strong>dactylicum</strong></span> <span class='ocrx_word' id='word_1_172' title='bbox 533 2504 729 2571; x_wconf 87' lang='lat' dir='ltr'><strong>vocabulum</strong></span> <span class='ocrx_word' id='word_1_173' title='bbox 743 2505 841 2571; x_wconf 87' lang='lat' dir='ltr'><strong>huius</strong></span> <span class='ocrx_word' id='word_1_174' title='bbox 852 2507 948 2569; x_wconf 86' lang='lat' dir='ltr'><strong>metri</strong></span> <span class='ocrx_word' id='word_1_175' title='bbox 961 2507 996 2570; x_wconf 89' lang='lat' dir='ltr'><strong>in</strong></span> <span class='ocrx_word' id='word_1_176' title='bbox 1008 2505 1093 2592; x_wconf 87' lang='lat' dir='ltr'><strong>pede</strong></span> 
     </span>
     <span class='ocr_line' id='line_1_27' title="bbox 126 2585 1091 2698; baseline 0 -46"><span class='ocrx_word' id='word_1_177' title='bbox 126 2585 231 2652; x_wconf 86' lang='lat' dir='ltr'><strong>altero</strong></span> <span class='ocrx_word' id='word_1_178' title='bbox 246 2585 334 2652; x_wconf 70' lang='lat' dir='ltr'><strong>harad</strong></span> <span class='ocrx_word' id='word_1_179' title='bbox 353 2588 402 2653; x_wconf 89' lang='lat' dir='ltr'><strong>ita</strong></span> <span class='ocrx_word' id='word_1_180' title='bbox 415 2609 489 2654; x_wconf 87' lang='lat' dir='ltr'><strong>raro</strong></span> <span class='ocrx_word' id='word_1_181' title='bbox 504 2589 636 2698; x_wconf 64' lang='lat' dir='ltr'><strong>(puidam</strong></span> <span class='ocrx_word' id='word_1_182' title='bbox 655 2589 744 2676; x_wconf 84' lang='lat' dir='ltr'><strong>apud</strong></span> <span class='ocrx_word' id='word_1_183' title='bbox 757 2588 913 2659; x_wconf 79' lang='lat' dir='ltr'><strong>Flaccum</strong></span> <span class='ocrx_word' id='word_1_184' title='bbox 926 2588 986 2656; x_wconf 87' lang='lat' dir='ltr'><strong>aed</strong></span> <span class='ocrx_word' id='word_1_185' title='bbox 999 2611 1091 2653; x_wconf 90' lang='lat' dir='ltr'><strong>num·</strong></span> 
     </span>
    </p>

    <p class='ocr_par' dir='ltr' id='par_1_6' title="bbox 119 2672 1095 3278">
     <span class='ocr_line' id='line_1_28' title="bbox 147 2672 1095 2759; baseline 0.002 -23"><span class='ocrx_word' id='word_1_186' title='bbox 147 2692 227 2736; x_wconf 89' lang='lat' dir='ltr'><strong>uam</strong></span> <span class='ocrx_word' id='word_1_187' title='bbox 246 2672 384 2759; x_wconf 84' lang='lat' dir='ltr'><strong>reperiri</strong></span> <span class='ocrx_word' id='word_1_188' title='bbox 402 2673 491 2759; x_wconf 84' lang='lat' dir='ltr'><strong>apud</strong></span> <span class='ocrx_word' id='word_1_189' title='bbox 506 2676 673 2740; x_wconf 80' lang='lat' dir='ltr'><strong>beneoam.</strong></span> <span class='ocrx_word' id='word_1_190' title='bbox 701 2672 854 2759; x_wconf 81' lang='lat' dir='ltr'><strong>Congrua</strong></span> <span class='ocrx_word' id='word_1_191' title='bbox 866 2682 976 2741; x_wconf 88' lang='lat' dir='ltr'><strong>autem</strong></span> <span class='ocrx_word' id='word_1_192' title='bbox 990 2682 1040 2739; x_wconf 88' lang='lat' dir='ltr'><strong>est</strong></span> <span class='ocrx_word' id='word_1_193' title='bbox 1054 2694 1095 2738; x_wconf 88' lang='lat' dir='ltr'><strong>ea</strong></span> 
     </span>
     <span class='ocr_line' id='line_1_29' title="bbox 126 2756 1093 2845; baseline 0.001 -24"><span class='ocrx_word' id='word_1_194' title='bbox 126 2776 146 2821; x_wconf 94' lang='lat' dir='ltr'><strong>o</strong></span> <span class='ocrx_word' id='word_1_195' title='bbox 170 2757 339 2821; x_wconf 86' lang='lat' dir='ltr'><strong>servantia</strong></span> <span class='ocrx_word' id='word_1_196' title='bbox 352 2756 534 2823; x_wconf 85' lang='lat' dir='ltr'><strong>rationibus</strong></span> <span class='ocrx_word' id='word_1_197' title='bbox 549 2757 673 2825; x_wconf 90' lang='lat' dir='ltr'><strong>saeculi</strong></span> <span class='ocrx_word' id='word_1_198' title='bbox 685 2781 718 2845; x_wconf 79' lang='lat' dir='ltr'><strong>p.</strong></span> <span class='ocrx_word' id='word_1_199' title='bbox 727 2756 804 2824; x_wconf 81' lang='lat' dir='ltr'><strong>Chr.</strong></span> <span class='ocrx_word' id='word_1_200' title='bbox 820 2781 852 2822; x_wconf 90' lang='lat' dir='ltr'><strong>n.</strong></span> <span class='ocrx_word' id='word_1_201' title='bbox 868 2758 966 2844; x_wconf 86' lang='lat' dir='ltr'><strong>primi</strong></span> <span class='ocrx_word' id='word_1_202' title='bbox 980 2758 1093 2823; x_wconf 85' lang='lat' dir='ltr'><strong>metri·</strong></span> 
     </span>
     <span class='ocr_line' id='line_1_30' title="bbox 125 2840 1093 2927; baseline 0.002 -23"><span class='ocrx_word' id='word_1_203' title='bbox 125 2840 185 2923; x_wconf 77' lang='lat' dir='ltr'><strong>eis,</strong></span> <span class='ocrx_word' id='word_1_204' title='bbox 208 2841 331 2927; x_wconf 89' lang='lat' dir='ltr'><strong>quippe</strong></span> <span class='ocrx_word' id='word_1_205' title='bbox 348 2841 440 2927; x_wconf 87' lang='lat' dir='ltr'><strong>quod</strong></span> <span class='ocrx_word' id='word_1_206' title='bbox 461 2840 582 2907; x_wconf 75' lang='lat' dir='ltr'><strong>Catulli</strong></span> <span class='ocrx_word' id='word_1_207' title='bbox 605 2852 637 2907; x_wconf 89' lang='lat' dir='ltr'><strong>et</strong></span> <span class='ocrx_word' id='word_1_208' title='bbox 651 2842 782 2909; x_wconf 88' lang='lat' dir='ltr'><strong>Horatii</strong></span> <span class='ocrx_word' id='word_1_209' title='bbox 805 2861 955 2909; x_wconf 87' lang='lat' dir='ltr'><strong>numeros</strong></span> <span class='ocrx_word' id='word_1_210' title='bbox 978 2842 1093 2907; x_wconf 86' lang='lat' dir='ltr'><strong>eadem</strong></span> 
     </span>
     <span class='ocr_line' id='line_1_31' title="bbox 123 2923 1091 3014; baseline 0.005 -27"><span class='ocrx_word' id='word_1_211' title='bbox 123 2924 208 2988; x_wconf 77' lang='lat' dir='ltr'><strong>artis</strong></span> <span class='ocrx_word' id='word_1_212' title='bbox 229 2923 415 3012; x_wconf 87' lang='lat' dir='ltr'><strong>suptilitate</strong></span> <span class='ocrx_word' id='word_1_213' title='bbox 436 2924 616 2991; x_wconf 83' lang='lat' dir='ltr'><strong>excoluerit</strong></span> <span class='ocrx_word' id='word_1_214' title='bbox 658 2947 734 2992; x_wconf 85' lang='lat' dir='ltr'><strong>uam</strong></span> <span class='ocrx_word' id='word_1_215' title='bbox 760 2924 957 2992; x_wconf 83' lang='lat' dir='ltr'><strong>hexametris</strong></span> <span class='ocrx_word' id='word_1_216' title='bbox 978 2935 1091 3014; x_wconf 86' lang='lat' dir='ltr'><strong>penta·</strong></span> 
     </span>
     <span class='ocr_line' id='line_1_32' title="bbox 124 3007 1094 3095; baseline 0.003 -23"><span class='ocrx_word' id='word_1_217' title='bbox 124 3009 305 3095; x_wconf 80' lang='lat' dir='ltr'><strong>mettisque</strong></span> <span class='ocrx_word' id='word_1_218' title='bbox 326 3010 453 3095; x_wconf 87' lang='lat' dir='ltr'><strong>primus</strong></span> <span class='ocrx_word' id='word_1_219' title='bbox 473 3007 625 3075; x_wconf 87' lang='lat' dir='ltr'><strong>adhibuit</strong></span> <span class='ocrx_word' id='word_1_220' title='bbox 669 3031 738 3076; x_wconf 86' lang='lat' dir='ltr'><strong>aso.</strong></span> <span class='ocrx_word' id='word_1_221' title='bbox 774 3010 844 3079; x_wconf 85' lang='lat' dir='ltr'><strong>Nec</strong></span> <span class='ocrx_word' id='word_1_222' title='bbox 862 3033 942 3076; x_wconf 85' lang='lat' dir='ltr'><strong>vero</strong></span> <span class='ocrx_word' id='word_1_223' title='bbox 963 3022 1013 3078; x_wconf 89' lang='lat' dir='ltr'><strong>est</strong></span> <span class='ocrx_word' id='word_1_224' title='bbox 1034 3033 1094 3077; x_wconf 85' lang='lat' dir='ltr'><strong>cur</strong></span> 
     </span>
     <span class='ocr_line' id='line_1_33' title="bbox 119 3092 1092 3182; baseline 0.004 -27"><span class='ocrx_word' id='word_1_225' title='bbox 119 3092 218 3157; x_wconf 78' lang='lat' dir='ltr'><strong>labes</strong></span> <span class='ocrx_word' id='word_1_226' title='bbox 271 3114 330 3161; x_wconf 81' lang='lat' dir='ltr'><strong>uas</strong></span> <span class='ocrx_word' id='word_1_227' title='bbox 350 3094 453 3159; x_wconf 85' lang='lat' dir='ltr'><strong>traxit</strong></span> <span class='ocrx_word' id='word_1_228' title='bbox 474 3116 502 3159; x_wconf 89' lang='lat' dir='ltr'><strong>c.</strong></span> <span class='ocrx_word' id='word_1_229' title='bbox 519 3095 550 3159; x_wconf 84' lang='lat'><strong>8.</strong></span> <span class='ocrx_word' id='word_1_230' title='bbox 572 3094 594 3158; x_wconf 93' lang='lat' dir='ltr'><strong>l.</strong></span> <span class='ocrx_word' id='word_1_231' title='bbox 615 3110 671 3159; x_wconf 91' lang='lat'>1111</span> <span class='ocrx_word' id='word_1_232' title='bbox 696 3093 796 3179; x_wconf 88' lang='lat' dir='ltr'><strong>longo</strong></span> <span class='ocrx_word' id='word_1_233' title='bbox 822 3105 896 3182; x_wconf 87' lang='lat' dir='ltr'><strong>post</strong></span> <span class='ocrx_word' id='word_1_234' title='bbox 916 3095 1092 3162; x_wconf 84' lang='lat' dir='ltr'><strong>Horatium</strong></span> 
     </span>
     <span class='ocr_line' id='line_1_34' title="bbox 123 3115 1090 3278; baseline 0.001 -39"><span class='ocrx_word' id='word_1_235' title='bbox 123 3115 301 3243; x_wconf 70' lang='lat' dir='ltr'><strong>intervallo</strong></span> <span class='ocrx_word' id='word_1_236' title='bbox 321 3177 444 3243; x_wconf 85' lang='lat' dir='ltr'><strong>inditas</strong></span> <span class='ocrx_word' id='word_1_237' title='bbox 465 3180 496 3243; x_wconf 90' lang='lat' dir='ltr'><strong>ei</strong></span> <span class='ocrx_word' id='word_1_238' title='bbox 510 3188 671 3278; x_wconf 87' lang='lat' dir='ltr'><strong>putemus.</strong></span> <span class='ocrx_word' id='word_1_239' title='bbox 707 3178 793 3244; x_wconf 89' lang='lat' dir='ltr'><strong>Nam</strong></span> <span class='ocrx_word' id='word_1_240' title='bbox 811 3178 1011 3266; x_wconf 88' lang='lat' dir='ltr'><strong>strophicam</strong></span> <span class='ocrx_word' id='word_1_241' title='bbox 1024 3198 1090 3241; x_wconf 87' lang='lat' dir='ltr'><strong>me·</strong></span> 
     </span>
    </p>

    <p class='ocr_par' dir='ltr' id='par_1_7' title="bbox 125 3258 1093 3329">
     <span class='ocr_line' id='line_1_35' title="bbox 125 3258 1093 3329; baseline 0.003 -7"><span class='ocrx_word' id='word_1_242' title='bbox 125 3258 266 3326; x_wconf 88' lang='lat' dir='ltr'><strong>lieorum</strong></span> <span class='ocrx_word' id='word_1_243' title='bbox 294 3263 364 3327; x_wconf 85' lang='lat' dir='ltr'><strong>eius</strong></span> <span class='ocrx_word' id='word_1_244' title='bbox 386 3269 491 3326; x_wconf 88' lang='lat' dir='ltr'><strong>artem</strong></span> <span class='ocrx_word' id='word_1_245' title='bbox 518 3284 583 3326; x_wconf 90' lang='lat' dir='ltr'><strong>1am</strong></span> <span class='ocrx_word' id='word_1_246' title='bbox 607 3261 739 3329; x_wconf 82' lang='lat' dir='ltr'><strong>Claudii</strong></span> <span class='ocrx_word' id='word_1_247' title='bbox 764 3284 803 3327; x_wconf 86' lang='lat' dir='ltr'><strong>ao</strong></span> <span class='ocrx_word' id='word_1_248' title='bbox 823 3263 962 3328; x_wconf 88' lang='lat' dir='ltr'><strong>Neronis</strong></span> <span class='ocrx_word' id='word_1_249' title='bbox 984 3269 1093 3326; x_wconf 87' lang='lat' dir='ltr'><strong>aetate</strong></span> 
     </span>
    </p>

    <p class='ocr_par' dir='ltr' id='par_1_8' title="bbox 82 3343 1089 3515">
     <span class='ocr_line' id='line_1_36' title="bbox 123 3343 1089 3431; baseline -0.001 -23"><span class='ocrx_word' id='word_1_250' title='bbox 123 3366 260 3431; x_wconf 87' lang='lat' dir='ltr'><strong>prorsus</strong></span> <span class='ocrx_word' id='word_1_251' title='bbox 288 3346 476 3431; x_wconf 79' lang='lat' dir='ltr'><strong>experitis</strong></span> <span class='ocrx_word' id='word_1_252' title='bbox 503 3345 671 3413; x_wconf 87' lang='lat' dir='ltr'><strong>hominum</strong></span> <span class='ocrx_word' id='word_1_253' title='bbox 699 3348 872 3413; x_wconf 79' lang='lat' dir='ltr'><strong>evanuisse</strong></span> <span class='ocrx_word' id='word_1_254' title='bbox 899 3343 976 3410; x_wconf 87' lang='lat' dir='ltr'><strong>olim</strong></span> <span class='ocrx_word' id='word_1_255' title='bbox 1004 3365 1089 3410; x_wconf 90' lang='lat' dir='ltr'><strong>com-</strong></span> 
     </span>
     <span class='ocr_line' id='line_1_37' title="bbox 82 3428 636 3515; baseline 0.011 -23"><span class='ocrx_word' id='word_1_256' title='bbox 82 3460 87 3465; x_wconf 94' lang='lat'>·</span> <span class='ocrx_word' id='word_1_257' title='bbox 121 3428 267 3515; x_wconf 85' lang='lat' dir='ltr'><strong>probavi</strong></span> <span class='ocrx_word' id='word_1_258' title='bbox 291 3428 339 3513; x_wconf 82' lang='lat' dir='ltr'><strong>[d.</strong></span> <span class='ocrx_word' id='word_1_259' title='bbox 360 3450 387 3494; x_wconf 86' lang='lat' dir='ltr'><strong>r.</strong></span> <span class='ocrx_word' id='word_1_260' title='bbox 411 3452 454 3493; x_wconf 90' lang='lat' dir='ltr'><strong>m.</strong></span> <span class='ocrx_word' id='word_1_261' title='bbox 478 3429 582 3515; x_wconf 76' lang='lat'>118].‘</span> <span class='ocrx_word' id='word_1_262' title='bbox 632 3463 636 3498; x_wconf 87' lang='grc'><em>;</em></span> 
     </span>
    </p>
   </div>
   <div class='ocr_carea' id='block_1_5' title="bbox 0 0 1290 4022">
    <p class='ocr_par' dir='ltr' id='par_1_9' title="bbox 0 0 1290 4022">
     <span class='ocr_line' id='line_1_38' title="bbox 0 0 1290 4022; baseline 0 0"><span class='ocrx_word' id='word_1_263' title='bbox 0 0 1290 4022; x_wconf 95' lang='lat' dir='ltr'><strong> </strong></span> 
     </span>
    </p>
   </div>
  </div>
 </body>
</html>
