2558 4022
249 1098 256 1105 ,
413 1024 449 1087 o.
472 1021 677 1088 svuroun
699 1021 967 1103 russonum

353 1172 480 1252 vrrs
508 1171 554 1265 o.
580 1170 801 1249 norrun
825 1118 1029 1248 sulcos

642 1388 743 1408 ‘lm

273 1580 313 1663 Q.
328 1582 476 1644 Horatius
490 1582 619 1643 Flaccus
633 1581 831 1656 Venusinus,
854 1591 956 1663 patre,
978 1589 1014 1642 ut
1030 1581 1100 1662 ipse
1116 1591 1175 1642 tra·
1268 1566 1270 1633 l

209 1668 269 1742 dit,
291 1669 437 1728 libertino
460 1676 491 1727 et
512 1667 689 1728 auctionum
711 1675 863 1739 coactore,
887 1676 923 1726 nt
936 1686 1009 1726 vero
1025 1666 1176 1727 creditum

209 1761 270 1825 est,
293 1752 539 1823 salsamentario,
568 1750 651 1811 bello
672 1750 869 1830 Philippensi
891 1752 1007 1810 excitus
1030 1770 1048 1810 a
1070 1751 1175 1810 Marco
1269 1754 1270 1759 ’

207 1837 304 1896 Bruto
332 1838 514 1914 imperatore
541 1834 684 1895 tribunus
712 1835 843 1895 militum
868 1835 993 1910 meruit3
1023 1835 1175 1914 victisque

208 1919 361 2000 partibus,
384 1920 478 1978 venia
498 1920 662 1998 impetrata
675 1919 823 1999 scriptum
837 1920 1047 1997 quaestorium
1061 1940 1174 1999 oonpa·
1269 1912 1270 1937 ³

209 2005 298 2064 ravit.
321 2024 357 2063 ac
370 2004 468 2082 primo
479 2002 663 2076 Maecenati,
680 2023 750 2063 mox
764 2002 904 2081 Augusto
920 2005 1097 2063 insinuatus
1112 2024 1176 2063 non

208 2088 391 2149 mediocrem
411 2088 445 2147 in
467 2087 625 2148 amborum
647 2088 779 2148 amicitia
799 2088 900 2148 locum
914 2088 1024 2148 tenuit.
1054 2087 1176 2148 Maece·

208 2192 264 2232 nas
287 2181 478 2252 quantopere
507 2192 578 2232 eum
599 2171 756 2246 dilexerit,
784 2174 859 2232 satis
880 2180 1011 2232 testatur
1031 2171 1086 2232 illo
1111 2173 1176 2254 epi·
1268 2254 1269 2261 ἵ

210 2265 393 2336 grammate:

408 2364 440 2414 ni
456 2368 485 2416 te
503 2364 655 2417 visceribus
671 2365 755 2428 meis,
773 2363 886 2428 Horati,

409 2431 473 2496 plus
489 2432 543 2484 iam
559 2431 658 2496 diligo,
676 2436 708 2482 tu
724 2436 802 2482 tuum
820 2431 939 2483 sodslsm

409 2499 511 2550 Ninnio
529 2499 622 2552 videas
639 2499 831 2564 strigosiorem.

208 2592 264 2652 sed
290 2593 385 2652 multo
413 2593 511 2671 magis
540 2595 682 2654 extremis
709 2593 832 2653 iudiciis
858 2594 915 2653 tali
937 2594 977 2654 ad
998 2591 1179 2674 Angustum

208 2676 326 2755 elogio:
349 2676 478 2736 ‘Horati
490 2676 610 2752 Flacci,
625 2688 660 2737 nt
673 2678 747 2750 mei,
762 2697 878 2738 memor
892 2678 985 2738 esto'.
1015 2679 1178 2757 Augustus
1267 2746 1268 2749 Ἴ

209 2761 409 2840 epistularum
430 2780 553 2841 quoque
575 2761 708 2822 officium
730 2761 853 2834 obtulit,
876 2771 911 2821 ut
924 2763 984 2822 lroc
998 2763 1039 2823 ad
1053 2763 1177 2823 Maece·
1267 2768 1268 2825 ἶ

208 2854 313 2905 notem
327 2846 439 2924 scripto
454 2845 606 2925 significat
621 2849 706 2906 ‘aute
721 2847 788 2926 ipse
798 2846 988 2907 sufficiebam
1002 2847 1178 2907 scribendis
1267 2914 1268 2929 χ

209 2929 348 3006 epistulis
376 2931 554 2990 amicornm:
590 2951 674 2990 nunc
702 2932 950 3010 occupatissimus
979 2939 1011 2991 et
1036 2932 1179 2992 infirmus

207 3011 371 3071 Horatium
385 3022 523 3073 nostrum
542 3022 605 3075 ate
622 3016 712 3095 cupio
733 3013 896 3076 abducere.
924 3017 1031 3076 veniet
1046 3036 1122 3096 ergo
1137 3015 1179 3076 ab

208 3095 267 3154 ista
288 3096 452 3173 parasitica
473 3117 580 3158 mensa
601 3098 642 3158 ad
662 3099 745 3160 hanc
765 3101 895 3178 regiam,
920 3109 951 3160 et
972 3119 1029 3160 uos
1051 3102 1086 3160 in
1110 3101 1178 3180 epi·

208 3179 296 3238 stulis
317 3178 489 3241 scribendis
517 3182 705 3243 adiuvabit'.
741 3204 776 3243 ac
798 3204 839 3244 ue
865 3186 1021 3244 recusanti
1048 3185 1180 3264 quidem
1266 3242 1267 3253 ,

110 3298 115 3305 =
208 3272 261 3321 aut
282 3265 457 3324 succensuit
478 3267 642 3345 quicquam
663 3275 717 3328 eut
738 3269 797 3328 ami
817 3269 902 3329 'iam
923 3288 1011 3328 suam
1031 3271 1178 3348 ingerere
1266 3268 1267 3293 ¹

209 3343 310 3407 desiit.
347 3357 468 3408 exstant
495 3349 660 3429 epistulae,
694 3352 808 3431 equib
830 3372 845 3412 s
873 3355 1048 3432 argumenti
1076 3355 1180 3433 gratia

207 3446 306 3506 panca
320 3431 451 3492 subieci:
474 3432 577 3492 ‘sume
598 3433 655 3493 tibi
677 3435 796 3515 aliquid
817 3437 894 3496 iuris
916 3437 1000 3517 apud
1015 3456 1075 3510 me,
1099 3447 1179 3499 tam·

207 3516 348 3589 quamsi
370 3516 527 3575 convictor
548 3516 624 3576 mihi
647 3519 757 3596 fueris3
779 3530 862 3582 recte
885 3522 967 3581 enirn
989 3531 1022 3581 et
1043 3543 1111 3582 non
1132 3531 1180 3582 te·
