2558 4022
127 222 175 299 n]
524 225 633 283 cmm
648 226 681 283 11.
1029 219 1092 286 223

127 386 238 466 Quivis
259 385 357 453 ferret
370 386 464 454 idem.
502 386 607 463 Semel
627 388 681 454 hic
696 388 831 454 cessavit
850 391 896 473 et,
918 392 956 455 ut
976 388 1013 454 fit
1018 439 1026 474 ,

126 471 167 537 In
189 470 285 537 oculis
306 472 402 538 latuit
422 471 567 538 metuens
612 473 757 539 endcntie
779 472 936 558 hobenoe3
1060 487 1092 537 15

128 552 197 622 Des
217 577 381 639 nummos,
405 560 538 642 excepto
584 558 591 570 '
619 558 626 571 '
661 561 693 623 te
714 557 742 623 si
763 558 842 643 fuga
862 559 987 624 laedit?

126 639 186 706 Ille
208 640 293 706 ferat
312 640 452 725 pretium
470 662 595 738 poenae
616 663 745 707 securus
767 642 889 727 opinor.

127 724 270 790 Prudens
293 724 399 790 emisti
420 725 586 809 vitiosum,
609 726 694 791 dictu
713 726 806 791 tibist
825 727 891 792 lex:

126 808 309 893 Insequeris
330 812 441 875 tomen
461 808 547 876 hunc
569 813 602 875 et
622 811 678 876 lite
700 811 834 876 moraris
854 811 986 894 iniquo?

127 893 204 959 Dixi
225 914 276 959 mc
298 893 427 979 pigrum
447 894 662 978 proficiscenti
683 895 758 979 tibi,
781 894 847 960 dixi
1059 910 1094 958 20

128 977 260 1044 'felibus
282 977 397 1043 officiis
418 998 477 1063 pro
501 1000 519 1043 e
540 1000 704 1063 mancum,
726 1001 767 1044 ne
788 1000 861 1044 meu
881 999 994 1045 saevus

128 1062 276 1160 Iurgarec
298 1062 339 1126 ad
360 1065 394 1127 tc
416 1001 500 1146 quod
522 1063 658 1147 epistola
677 1064 767 1128 nulla
787 1062 915 1129 rediret.

129 1146 213 1224 Qurd
233 1150 303 1211 tum
324 1146 463 1231 profeci,
485 1168 609 1213 mecum
630 1148 783 1213 facientia
803 1149 874 1213 iuro

129 1230 164 1297 si
184 1234 294 1297 tamen
316 1231 527 1324 attemptari}
550 1231 699 1310 Quereris
721 1254 822 1382 εαρξξ1
835 1232 897 1297 hoc
920 1233 1029 1317 etium,

758 1339 780 1382 u

129 1401 323 1484 Exspectata
346 1400 406 1465 tibi
427 1421 495 1466 non
515 1401 642 1466 mittum
664 1338 806 1467 carniinc
826 1402 973 1467 mendax.
1060 1416 1093 1464 25

129 1484 255 1550 Luculli
275 1484 369 1549 miles
390 1484 525 1550 collecta
546 1487 663 1551 viatica
683 1486 792 1551 multis

129 1569 315 1653 Aerumnie,
338 1569 442 1634 lassus
464 1568 539 1634 dum
560 1574 658 1637 noctu
680 1571 799 1654 stertit,
822 1571 863 1634 od
885 1591 987 1635 assem

129 1652 329 1718 Perdiderat:
350 1656 426 1737 post
442 1652 504 1718 hoc
517 1675 647 1719 remens
660 1656 755 1740 lupus
770 1657 803 1720 et
816 1655 878 1721 eibi
892 1657 926 1720 et
945 1654 1030 1719 hosti

130 1737 234 1803 iratis
278 1737 389 1821 ariter,
411 1737 528 1803 ieiunio
550 1738 698 1805 dentibus
720 1761 807 1824 acer,

130 1821 239 1887 Prcesi
265 1823 329 1886 'um
349 1822 457 1909 regule
479 1822 550 1888 looo
573 1822 688 1890 deiecit
723 1828 760 1890 ut
781 1825 885 1908 aiunt,
1061 1837 1094 1885 30

131 1905 260 1971 Summe
281 1906 406 1971 munito
429 1908 463 1970 et
482 1908 655 1973 multarum
677 1874 774 1974 divite
795 1930 910 1975 rerum.

131 1990 243 2056 Oleros
266 1990 308 2055 ob
329 1990 363 2055 id
383 1990 518 2075 factum,
542 1992 634 2057 donis
656 1996 787 2059 ornatur
807 1993 965 2077 honestis,

130 2075 258 2159 Accipit
279 2076 313 2139 et
333 2075 383 2139 bis
405 2074 488 2140 dene
508 2097 604 2160 cuper
625 2078 770 2142 sestertia
790 2099 965 2143 nummum.

130 2158 226 2224 Forte
248 2158 306 2224 sub
327 2158 390 2224 hoc
410 2161 536 2245 tempus
558 2161 724 2226 castellum
745 2164 884 2226 evertere
905 2165 1033 2246 praetor·

130 2243 248 2309 Nescio
270 2242 354 2327 quod
376 2244 523 2341 cupiens,
545 2243 666 2329 hortari
688 2245 793 2330 coepit
814 2243 949 2310 eundem
1061 2259 1094 2308 35

131 2326 257 2412 Verbis,
269 2348 349 2412 quoe
359 2327 472 2393 timido
484 2349 609 2413 quoque
619 2333 753 2414 possent
763 2329 876 2395 addere
886 2331 1039 2395 mentem:

132 2411 160 2476 ‘I
182 2411 280 2495 bone,
303 2433 366 2496 quo
388 2413 490 2478 virtus
510 2416 566 2478 tua
587 2416 619 2478 te
641 2417 749 2498 vocat,
771 2414 784 2478 i
803 2413 884 2498 pede
906 2414 1027 2496 fausto,

133 2493 274 2562 Grandia
294 2496 416 2562 laturus
437 2498 624 2563 meritorum
644 2497 795 2581 proemia.
821 2496 905 2574 Quid
927 2499 1028 2563 stas?’

132 2580 211 2646 Post
230 2580 310 2648 haec
331 2582 386 2646 illc
408 2583 512 2665 catus,
535 2584 738 2668 quantumvis
759 2583 897 2648 rusticus
918 2582 1003 2666 ibit,

131 2665 197 2731 lbit
218 2686 270 2751 eo,
293 2686 355 2751 quo
377 2666 441 2749 vis,
464 2667 519 2750 qui
539 2688 654 2732 zonam
675 2667 824 2753 perdidit’
846 2667 961 2752 inquit.
1061 2679 1095 2729 4ο

131 2748 252 2819 Romae
273 2750 388 2815 nutriri
409 2750 490 2815 mihi
511 2752 650 2837 contigit
669 2755 764 2837 atque
786 2752 909 2835 doceri,

131 2834 236 2899 Iratus
259 2833 352 2900 Grais
375 2839 529 2920 quantum
550 2837 713 2902 nocuisset
733 2835 885 2901 Achilles.

131 2919 287 2985 Adiecerc
307 2920 412 2986 bonae
432 2920 539 3004 paullo
561 2921 634 3005 plus
656 2921 733 2985 artis
755 2919 916 3003 Athenae,

133 3001 262 3071 Scilicet
281 3007 319 3068 ut
337 3024 466 3088 possem
488 3026 584 3071 curro
606 3005 793 3091 dignoscere
814 3007 951 3089 rectum,

131 3088 238 3173 Atque
258 3087 344 3152 inter
365 3088 459 3153 silvas
482 3088 634 3154 Academi
653 3111 802 3174 quaerere
823 3110 941 3156 verum.
1063 3101 1096 3151 45

82 3238 90 3245 ,
131 3170 220 3237 Dura
241 3171 297 3238 ced
319 3193 464 3238 emovere
485 3173 557 3238 loco
578 3195 630 3238 me
651 3177 797 3259 tempora
817 3177 925 3260 grato,

132 3255 307 3340 Civilisque
327 3256 440 3321 rudem
461 3256 538 3322 belli
558 3258 633 3322 tulit
655 3263 760 3323 aestus
781 3258 817 3322 in
835 3279 940 3340 arma,

132 3339 278 3407 caesaris
299 3341 439 3426 Augusti
459 3362 527 3406 non
546 3363 597 3407 res
621 3364 739 3408 onsura
759 3342 894 3406 lacertis,

130 3424 226 3490 Vnde
247 3425 343 3490 simul
363 3426 501 3508 primum
522 3447 573 3491 me
620 3427 626 3440 ‘
665 3428 743 3493 'scre
763 3424 921 3509 Philippi,

129 3508 257 3576 Decisie
278 3508 432 3575 humilem
453 3511 567 3595 pennis
588 3511 779 3597 inopemque
799 3510 925 3594 paterni
1063 3523 1096 3573 uo
