2610 4028
135 237 210 308 vn]
537 235 645 289 naun
665 236 699 291 11.
1042 227 1100 293 181

139 398 229 464 ‘Non
243 419 312 463 sum
324 397 488 462 moechus’
503 396 562 462 ais.
591 396 703 480 Neque
717 418 792 483 ego,
812 396 955 481 hercule,
976 395 1038 478 fur,

745 480 801 545 ubi
821 502 898 545 vasa

137 566 307 633 Praetereo
330 564 458 649 sapiens
479 567 639 650 argentea.
683 562 774 629 Tolle
794 565 962 649 periclum;

138 650 209 716 Iam
230 670 313 747 vaga
332 648 486 733 prosiliet
500 649 600 714 frenis
621 651 737 713 natura
757 649 897 713 remotis.

138 734 229 800 Tune
243 732 324 798 mihi
342 733 505 816 dominus,
526 754 633 798 rerum
647 733 789 816 imperiis
810 730 1037 816 hominumque
1071 746 1103 795 70

139 817 378 901 narrantisque
392 817 512 900 minor,
534 837 629 900 quem
649 820 699 881 ter
713 816 855 882 vindicta
869 819 1041 901 quaterque

139 902 177 967 In
223 903 286 967 sita
306 901 388 966 haud
409 921 561 984 umquam
582 902 698 966 misera
717 901 888 965 formidine
914 900 1039 984 privet?

138 988 169 1050 A
193 985 356 1069 desuper,
378 985 472 1051 dictis
492 985 578 1069 quod
598 1006 666 1050 non
686 985 787 1050 levius
808 985 927 1049 valeat:
948 1005 1039 1063 nam,

141 1069 215 1139 Sive
235 1069 371 1135 vicanus
393 1072 456 1153 est,
478 1069 534 1153 qui
554 1090 646 1134 servo
666 1072 775 1154 paret,
796 1070 845 1135 uti
864 1090 935 1134 mos

139 1152 255 1221 Vester
282 1154 342 1237 ait,
370 1174 426 1219 seu
454 1173 639 1238 conservus3
665 1153 726 1218 tibi
774 1153 829 1217 uid
859 1175 930 1218 sum
956 1152 1040 1238 ego?
1071 1165 1104 1214 ao

781 1258 831 1302 cm
854 1259 872 1302 e

140 1321 207 1405 Tu,
228 1320 308 1386 mihi
328 1322 384 1407 qui
403 1321 583 1405 imperitas,
605 1321 678 1386 aliis
699 1321 798 1385 servis
820 1260 916 1386 nisset
937 1323 1031 1405 atque

139 1404 275 1471 Duceris
296 1408 334 1469 ut
353 1405 459 1469 nervis
481 1405 593 1470 alienis
614 1404 733 1470 mobile
754 1404 887 1490 lignum.

141 1488 295 1566 Quisnam
305 1488 405 1574 igitur
418 1489 521 1559 liber?
544 1487 689 1574 Sapiens,
705 1488 767 1553 sibi
776 1489 831 1572 qui
842 1488 1041 1572 imperiosus,

62 1654 68 1661 ι
142 1572 245 1650 Quem
258 1593 362 1656 neque
382 1572 549 1657 pauperies
570 1593 673 1657 neque
686 1593 780 1720 moqse
793 1593 897 1656 neque
915 1573 1043 1637 vincula

780 1659 883 1740 rrent,

9 1766 11 1793 1
141 1740 342 1825 Responsare
365 1741 581 1824 cupidinibus,
604 1742 808 1805 contemnere
828 1739 967 1804 honores
1072 1752 1104 1802 85

9 1836 14 1899 ’,
141 1824 263 1908 Fortis,
286 1828 320 1889 et
339 1825 375 1888 in
389 1846 423 1889 se
444 1824 515 1908 ipso
536 1827 638 1907 totus,
661 1827 744 1889 teres
763 1827 858 1922 atque
870 1823 1041 1908 rotundus,

141 1908 276 1973 Externi
297 1908 415 1993 nequid
435 1909 541 1973 valeat
560 1929 618 1993 per
638 1909 707 1973 leve
727 1929 859 1992 moran,

142 1992 182 2056 In
224 2013 297 2058 uem
317 2013 432 2057 manca
451 1993 516 2056 ruit
536 2013 662 2076 semper
681 1992 819 2057 fortuna.
862 1992 1000 2058 Potesne

141 2076 192 2141 Ex
233 2076 258 2140 ’s
268 2079 305 2141 ut
317 2097 376 2159 pro
400 2075 483 2140 rium
497 2075 573 2159 quid
583 2075 738 2140 noscere?
761 2074 907 2159 Quinque
922 2076 1043 2140 talenta

143 2159 253 2225 Poscit
272 2162 304 2225 te
324 2182 358 2224 m
396 2160 455 2242 er,
475 2161 570 2224 vexat
589 2158 774 2243 foribusque
795 2160 957 2243 repulsum
1072 2173 1106 2221 00

146 2243 311 2309 Perfundit
331 2242 451 2329 gelida,
473 2264 582 2308 rursus
605 2246 712 2308 vocat:
734 2242 821 2325 eripe
841 2246 876 2306 tu
916 2243 928 2306 i

143 2327 237 2393 Colla
249 2327 341 2412 iugc,
365 2327 471 2410 ‘lihem
488 2327 569 2392 liber
583 2331 681 2408 sum,'
697 2325 748 2390 die
762 2328 835 2411 agei
898 2347 942 2389 on
956 2326 1040 2410 quis:

143 2411 171 2471 V
235 2416 268 2476 et
288 2413 374 2476 enim
396 2411 544 2476 dominus
565 2413 706 2475 mentem
725 2431 791 2474 non
813 2409 894 2474 lenis
909 2413 941 2474 et
955 2431 1042 2475 acres

143 2495 186 2559 Su
210 2495 307 2560 iectat
328 2496 412 2560 lasso
435 2496 581 2560 stimulos
602 2497 769 2579 versatque
788 2497 980 2581 negantem..

145 2577 204 2643 Vel
225 2599 298 2643 cum
318 2577 471 2644 Pausiaca
491 2583 615 2664 torpes,
637 2580 748 2644 insane
784 2578 917 2662 tabella,
1073 2591 1106 2640 00

143 2661 206 2737 oui
216 2683 329 2745 peccas
339 2662 446 2727 minus
457 2666 552 2747 atque
562 2684 623 2749 ego
630 2712 638 2745 ‚
651 2685 723 2728 cum
734 2629 827 2728 invi
836 2663 1042 2747 Rutubaeque

142 2747 211 2810 Aut
230 2744 425 2812 Placideiani
447 2750 598 2813 contento
620 2747 742 2832 poplite
763 2748 862 2810 miror
927 2784 931 2789 -

142 2828 269 2894 Proelia
289 2831 417 2895 rubrica
436 2830 524 2914 picta
543 2836 601 2896 aut
621 2832 772 2914 carbone,
794 2830 882 2894 velut
903 2829 931 2894 si

143 2911 190 2977 lte
211 2934 294 3011 vera·
307 2920 468 3011 pugnent,
490 2915 609 2981 feriant
629 2916 793 2999 vitentque
814 2917 980 2979 moventes

144 2997 244 3061 Arma
264 2997 346 3062 vm?
378 2997 525 3083 Nequam
546 3002 579 3065 et
600 3003 739 3065 cessator
762 2997 883 3084 Davus3
905 3002 940 3062 at
960 2998 1029 3083 ipse
1058 3011 1108 3060 100

143 3080 276 3146 Subtilis
297 3084 440 3147 ueterum
461 3082 556 3149 iudex
577 3086 610 3149 et
631 3083 762 3149 callidus
784 3083 883 3148 audis.

14 3152 15 3237 J
143 3163 197 3229 Ni!
221 3185 297 3250 ego,
320 3165 347 3230 si
370 3166 468 3231 ducor
488 3168 554 3232 libo
576 3167 732 3232 fumante:
755 3167 814 3232 tibi
835 3168 951 3264 ingens

147 3247 254 3313 Virtus
276 3252 372 3333 atque
393 3251 517 3316 animus
540 3251 627 3316 cenis
648 3254 817 3335 responsat
837 3249 975 3335 opimis?

143 3331 340 3417 Obsequium
360 3336 480 3399 ventris
502 3333 582 3399 mihi
603 3335 812 3433 perniciosius
834 3337 884 3398 est
904 3333 982 3398 our?

143 3412 247 3502 Tango
269 3417 394 3500 plector
414 3419 509 3483 enim.
552 3416 614 3494 Qui
635 3422 671 3483 tu
692 3418 868 3503 inpunitior
888 3417 958 3500 illa,
1060 3431 1107 3480 100

143 3499 232 3575 Quae
252 3521 351 3583 parvo
374 3503 457 3568 sumi
477 3504 655 3586 nequeunt,
678 3501 813 3567 obsonia
833 3500 966 3584 captas?
