2600 4026
132 257 187 330 a]
528 259 637 314 arana
658 260 706 317 m.

228 420 330 504 Atqui
351 420 473 485 sciebat
493 442 574 504 quae
595 422 657 485 sibi
678 380 832 489 barllarus

229 503 345 568 Tortor
365 507 506 589 pararet3
529 526 596 569 non
618 506 710 570 aliter
730 509 839 572 tamen

271 587 415 653 Dimovit
435 589 599 653 obstantes
624 591 821 674 propinquos

317 670 362 736 Et
381 674 536 757 populum
556 673 676 738 reditus
697 678 890 758 morantem,

229 787 334 865 Quam
355 789 383 853 si
405 790 556 854 clientum
577 790 676 876 longa
696 792 829 877 negotia

228 871 413 937 Diiudioata
432 874 490 939 lite
511 874 717 958 relinqueret,

272 955 420 1021 Tendens
440 956 642 1023 Venafranos
664 960 699 1023 in
720 981 815 1044 agros

318 1041 387 1104 Aut
406 1040 692 1108 Lacedaemonium
713 1042 897 1108 Tarentum.

592 1298 653 1373 VI.

229 1426 358 1493 Delicta
379 1428 534 1492 maiorum
555 1429 721 1494 inmeritus
742 1430 827 1513 laea,

228 1510 389 1596 Romane,
411 1512 512 1577 donec
533 1514 653 1597 templa
673 1513 821 1578 refeceris

274 1595 378 1661 Aedes
423 1617 440 1660 e
462 1595 606 1661 labentes
627 1596 758 1662 deorum
780 1601 813 1661 et

320 1679 347 1744 F
406 1681 540 1766 anigno
562 1681 732 1746 simulacra
752 1682 849 1746 furno.

9 3 38 82 Ι,

3 96 14 359 l

3 408 6 467 l

3 728 10 859 l

230 1795 292 1861 Dis
311 1801 344 1862 te
365 1797 523 1863 minorem
544 1799 628 1896 quod
650 1800 750 1884 geris,
772 1800 923 1897 imperas:

3 1934 5 1961 ᾗ
231 1880 318 1945 Hinc
339 1903 433 1947 omne
454 1884 662 1968 princepum,
684 1883 747 1949 huo
767 1884 850 1949 refer
872 1888 1005 1950 exitum:

275 1964 318 2029 Di
339 1967 441 2030 multa
460 1968 599 2052 neglecti
621 1968 777 2033 dederunt

3 1966 9 2369 ν
320 2049 494 2135 Hesperiae
515 2052 601 2116 mala
622 2052 793 2118 luctuosae.

46 1 125 45 W

231 2166 302 2231 Iam
322 2167 372 2231 bis
390 2142 561 2233 Monaeses
583 2172 616 2234 et
636 2168 749 2233 Pacori
771 2191 884 2234 manus

231 2249 308 2316 Non
330 2252 510 2336 auspicatos
533 2253 678 2317 contudit
699 2253 742 2317 im
766 2257 835 2317 etus

273 2333 410 2400 Nostros
432 2339 465 2401 et
485 2337 637 2403 adiecisse
657 2359 716 2422 pra
756 2359 808 2401 am

321 2419 499 2504 Torquibus
522 2422 645 2506 exiguis
665 2422 799 2486 renidet.

230 2535 338 2602 Paene
359 2540 546 2622 occupatam
568 2539 775 2604 seditionibus

232 2618 360 2685 Delevit
378 2620 500 2687 Vrbem
520 2621 627 2687 Dacus
650 2627 682 2688 et
702 2624 874 2708 Aethiops,

274 2703 336 2769 Hic
358 2706 459 2770 classe
480 2706 684 2790 formidatus,
706 2708 761 2773 ille

306 2786 496 2861 Missilibus
518 2792 631 2855 melior
653 2792 789 2877 sagittis.

232 2904 381 2970 Fecunda
402 2908 514 2991 culpae
535 2908 661 2973 saecula
682 2908 811 2993 nuptias

230 2988 374 3054 Primum
395 2992 600 3076 inquinavere
622 2996 654 3058 et
674 3014 776 3078 genus
798 2995 830 3058 et
856 2993 981 3058 domos:

274 3072 345 3139 Hoo
366 3074 455 3140 fonte
477 3076 619 3141 derivata
640 3077 745 3142 clades

320 3157 360 3221 In
380 3161 515 3243 patriam
535 3163 751 3246 populumque
771 3161 871 3227 fluxit.

232 3271 339 3338 Motus
361 3276 468 3342 doceri
488 3278 607 3364 gaudet
626 3278 753 3344 Ionicos

232 3357 357 3422 Acerba
378 3362 469 3447 virgo
491 3365 523 3425 et
543 3363 682 3448 fingitur
697 3365 818 3427 artibus

274 3439 343 3506 Iam
363 3466 449 3508 nunc
471 3448 503 3509 et
523 3446 662 3510 incestos
684 3468 808 3512 amores

319 3524 369 3592 De
390 3533 499 3594 tenero
522 3531 694 3595 meditatur
715 3531 832 3616 turguit
