2558 4022
204 217 267 282 194
552 222 810 279 urrsrvmuvn
1107 222 1170 296 [ur

265 385 312 534 {t
395 407 433 451 us
454 387 488 451 et
507 385 645 450 formem
665 385 778 471 regine
798 384 940 450 Pecunia
961 385 1074 467 donet,

298 491 316 535 e

359 492 419 535 ene
438 473 638 535 nummatum
660 470 790 535 decorat
810 468 947 534 Suadela
966 468 1150 553 Venusque.

265 553 436 639 Munoipiis
457 555 599 638 locuples
621 553 797 703 efflmueris
819 551 1044 637 Cappadocum
1065 575 1139 618 rex:
1273 554 1274 607 l

199 636 640 704 wNeiuerishiotu.(l

267 721 302 787 Si
322 725 433 807 posset
454 727 582 789 eentum
603 742 737 788 senense
757 722 908 806 praebere
928 725 1076 806 rognum,

135 820 140 831 ’
267 806 342 881 ‘Qui
367 827 499 892 possum
524 805 609 871 tot?’
637 807 696 892 uit3
724 808 1102 1039 ‘tumeilrwpthanugoram
1135 808 1169 870 et
1233 910 1239 923 ¹

266 974 420 1059 Mittum3'
438 978 513 1073 poet
526 976 622 1059 paulo
635 974 762 1057 scribit,
783 974 813 1038 si
834 975 846 1039 i
859 974 950 1038 milio
963 974 1104 1057 quinque

188 1064 192 1071 ’
266 1059 347 1124 Esse
362 1059 450 1124 domi
463 1058 680 1143 chlamydum,
699 1062 824 1144 purtem
837 1058 889 1123 vel
901 1058 1031 1123 tolleret
1043 1079 1168 1124 omnes.

203 1154 237 1204 45
269 1141 373 1208 Exilis
395 1143 507 1208 domus
529 1146 590 1226 est,
612 1143 668 1208 ubi
688 1164 757 1208 nou
777 1145 810 1208 et
830 1141 932 1207 multu
953 1146 1126 1226 supersunt

265 1226 311 1291 Et
331 1226 495 1292 dominum
515 1227 635 1292 fallunt
654 1230 687 1292 et
706 1229 843 1311 prosunt
862 1226 995 1291 furibus.
1032 1225 1124 1312 Ergo

267 1310 302 1375 Si
322 1333 374 1377 res
395 1311 465 1376 sole
483 1314 592 1396 potest
611 1311 716 1378 faeere
737 1314 771 1376 et
790 1332 915 1376 servare
935 1310 1079 1393 beatum,

728 637 806 721 ydes
820 636 986 720 Lucullus,
1007 640 1046 702 ut
1064 638 1168 721 aiunt,

267 1393 340 1460 Hoo
359 1395 482 1481 primus
495 1398 621 1481 repetes
636 1417 731 1480 opus,
752 1394 815 1460 hoe
830 1397 1009 1479 postremus
1023 1394 1167 1460 omittes.

268 1478 304 1545 Si
324 1479 523 1546 fortunatum
545 1480 666 1564 speeies
688 1482 722 1544 et
741 1480 846 1564 gretie
866 1481 1021 1563 praestet,

201 1576 238 1625 5ο
268 1562 447 1629 Meroemur
466 1586 607 1647 servum,
630 1563 685 1648 qui
706 1562 806 1629 dictet
824 1564 970 1646 nomino,
992 1563 1120 1628 laeuum

269 1647 330 1724 oui
350 1649 471 1714 fonce
490 1650 573 1713 uus
588 1651 621 1713 et
634 1650 731 1733 cogat
750 1650 838 1712 ems
859 1647 1001 1732 ponem
1020 1647 1167 1712 uem

268 1730 361 1797 Porri
385 1755 437 1798 ere
458 1733 523 1798 ‘hie
536 1733 673 1797 multum
687 1732 722 1795 in
735 1731 835 1796 Fabiu
848 1730 948 1814 valet,
962 1731 1018 1795 ille
1031 1730 1164 1815 Velinu3

270 1814 376 1882 Ouih
415 1821 431 1880 t
450 1816 504 1880 hie
524 1818 627 1882 fasces
649 1816 752 1899 debit,
777 1816 951 1900 eripietque
973 1815 1081 1879 curule

270 1899 330 1966 Oui
344 1901 430 1964 volet
442 1900 634 1984 inportrmus
652 1900 751 1965 ebur.’
781 1899 916 1964 ‘Frater’
939 1902 1055 1984 ‘puter'
1069 1899 1165 1984 udde3

204 1996 238 2046 55
270 1983 316 2048 Vt
337 1983 480 2081 cuiquest
501 1987 603 2069 uetes,
624 1985 671 2049 itu
692 2005 847 2069 quemque
867 1983 990 2049 facetus
1011 1983 1140 2068 adopta.
1273 2018 1274 2073 l

268 2067 304 2134 Si
324 2068 406 2132 bene
427 2089 483 2152 qur
503 2072 599 2134 cenot
617 2069 701 2133 bene
719 2068 813 2153 vivit,
836 2069 935 2151 lueet,
957 2090 1066 2133 eamus

268 2150 338 2228 Quo
361 2152 449 2216 duoit
468 2153 558 2238 goim
580 2153 753 2237 pisoemur,
775 2173 941 2235 venemur,
963 2156 1001 2219 ut
1021 2153 1099 2217 olim

269 2235 298 2301 G
360 2237 445 2320 lius,
468 2238 523 2322 qui
542 2258 637 2302 mone
657 2236 785 2322 plagas,
806 2237 978 2318 venabula,
1000 2257 1124 2320 servos,

267 2319 309 2384 D‘
336 2323 438 2386 ertum
458 2321 594 2386 transire
614 2321 721 2386 forum
742 2321 959 2406 populumque
978 2320 1122 2403 iubebat,

204 2418 239 2466 oo
268 2403 358 2468 Vnus
380 2408 418 2470 ut
438 2427 456 2470 e
475 2406 585 2471 multis
605 2406 725 2489 populo
747 2408 912 2489 spectante
932 2403 1065 2469 referret

267 2487 422 2571 Emptum
435 2489 540 2553 mulus
554 2510 675 2636 aprum
709 2488 807 2556 crudi
820 2488 996 2573 tumidique
1013 2488 1166 2572 levemur,

269 2570 353 2646 Quid
373 2572 498 2655 deceat,
520 2573 574 2655 qui
616 2595 684 2638 non
705 2573 812 2655 obliti,
834 2572 960 2638 Ouerite
982 2593 1055 2636 eere

265 2652 380 2752 Digni,
402 2656 570 2741 remigium
591 2657 740 2722 vitiosum
760 2656 939 2722 Ithaeensis
960 2654 1064 2738 Vlixi,
1121 2712 1125 2717 .

268 2738 329 2804 Gur
371 2740 456 2805 otior
475 2741 580 2824 petria
600 2741 663 2805 fuit
682 2741 854 2806 interdictu
873 2741 1030 2825 voluptus.

202 2834 237 2883 55
269 2822 317 2906 Si,
378 2823 385 2839 ’
443 2846 548 2889 ermus
569 2825 616 2890 uti
638 2828 761 2909 censet,
783 2826 853 2890 sine
874 2845 982 2889 umore
1002 2822 1144 2908 iocisque

266 2905 324 2971 Nil
345 2911 395 2971 est
413 2909 601 2991 iucundum,
623 2910 712 2974 vivus
733 2910 769 2974 in
790 2930 897 2974 amore
918 2908 1069 2992 iocisque.

266 2987 361 3072 Vive,
383 2992 462 3056 vale.
505 2990 619 3076 Siquid
638 2993 757 3058 novisti
776 2992 895 3058 reotius
915 2991 1002 3074 istis,

267 3071 427 3139 Candidus
448 3075 579 3162 inperti3
603 3077 733 3161 sinon,
755 3077 806 3142 his
827 3080 916 3143 utere
937 3095 1072 3140 meeum.

601 3347 761 3358 Μ
