2570 4022
216 207 308 262 xxvi
589 167 801 260 recusatio.

217 364 413 426 scribendum
434 361 739 445 pronuntiandumve
761 359 869 422 ‘modo
884 379 987 442 puros,
1010 359 1103 422 modo
1124 359 1180 425 ad·

216 451 388 511 ulescentes
410 449 444 508 in
466 465 557 509 cursu
577 467 598 506 a
619 455 706 526 tergo
726 445 920 524 insequens'.

279 553 314 607 ιι,
339 534 388 605 20,
413 532 543 604 9-12,
567 530 650 610 quod
668 531 847 610 ,praeierant
867 529 894 589 P
915 538 947 590 et
966 529 1014 603 M,
1037 528 1158 592 seclusi.

279 617 328 678 Ib.
353 619 390 676 13
418 622 476 675 tam
496 618 646 675 Daedaleo
667 620 748 674 ocior
776 611 967 691 (valentior)
989 613 1088 673 Icaro.
1129 613 1180 675 Ita

217 702 304 774 edd,
327 721 404 760 corr.
425 700 464 759 B.
510 698 558 760 cf.
582 699 613 758 d.
635 718 660 758 r.
681 719 720 760 ιιι.
744 700 816 759 307.
1035 774 1037 777 v

283 784 543 858 0.111‚1,1-4.
588 782 654 843 Hos
675 801 782 843 versus
803 781 992 861 sequendos
1014 801 1034 843 a
1054 781 1179 862 reliquis

217 878 323 931 censet
336 867 511 929 Meinekins
532 869 619 947 quasi
640 887 705 927 non
723 867 813 945 primi
826 874 945 927 tantum
968 866 1110 926 carminis
1124 865 1181 927 sed

219 956 312 1017 etiam
332 954 539 1033 proximorum
560 950 698 1031 quinque
718 951 916 1030 prooemium.
958 950 1117 1029 Equidem
1135 958 1180 1010 ta·

217 1059 288 1099 men
314 1046 350 1097 ιιι
377 1035 522 1097 divellam
550 1055 607 1099 eos
630 1035 669 1096 ab
697 1035 943 1135 insequentibus,
975 1034 1090 1096 adduci
1116 1055 1181 1097 uon

217 1140 361 1203 possum,
386 1141 453 1181 cum
467 1120 624 1202 prooemia
638 1119 714 1179 talia
728 1121 815 1198 epico
829 1120 931 1199 potius
947 1119 1075 1179 carmini
1089 1138 1182 1198 quom

103 1216 105 1220 '
217 1208 325 1269 melico
340 1206 506 1267 convenire
526 1204 710 1279 existimem,
733 1222 918 1283 quamquam
932 1223 973 1264 ne
993 1203 1040 1265 illi
1054 1202 1182 1283 quidem

217 1292 387 1353 adhibuere
408 1291 548 1350 Romani
591 1289 702 1369 Neque
722 1306 829 1349 versus
852 1296 914 1348 tam
935 1307 1048 1367 paucos
1070 1307 1127 1367 per
1148 1307 1182 1348 se

217 1386 299 1436 stare
313 1395 404 1455 posse
419 1383 507 1435 extra
522 1374 742 1453 epigrammata
756 1372 807 1433 vel
821 1373 917 1433 soolia
931 1371 1123 1433 crediderim.
1139 1403 1182 1416 -

219 1460 362 1521 Ceterum
384 1479 441 1519 nec
462 1458 515 1519 illo
538 1458 664 1518 artifieio
686 1477 759 1517 usus
782 1464 829 1518 est
847 1457 995 1519 Horatius
1016 1456 1100 1535 quod
1123 1455 1181 1517 Oa·

216 1545 311 1605 tullus
333 1545 366 1603 in
382 1543 490 1604 iambis
512 1551 544 1602 et
556 1541 828 1622 hendecasyllabis
850 1539 1017 1621 aliquando
1039 1539 1182 1601 adhibuit

218 1625 296 1706 [xvi.
318 1647 424 1690 xxxv1
446 1645 524 1687 nvn
539 1622 615 1703 n11]‚
638 1625 679 1686 ad
701 1626 875 1705 augendam
895 1627 958 1687 vim
979 1625 1125 1686 orationis
1148 1633 1183 1686 ut

216 1721 372 1792 repeteret
392 1712 523 1793 primum
544 1730 667 1771 versum
686 1710 754 1771 loco
776 1711 893 1770 ultimo.

280 1813 328 1870 ιιι,
353 1797 380 1869 2,
406 1797 444 1853 17
468 1800 560 1854 virtus
580 1800 720 1869 reputare
740 1799 841 1854 nescia
860 1796 998 1854 sordidae
1020 1801 1077 1855 etc
1111 1750 1182 1855 Hoc

213 1881 285 1941 loeo
313 1880 415 1959 potius
441 1878 572 1940 bellicae
598 1881 719 1939 virtutis
746 1878 780 1938 id
807 1887 853 1938 est
877 1876 1068 1939 fortitudinis
1089 1897 1183 1957 qnam

215 1966 285 2026 eius
299 1983 379 2043 quae
402 1964 483 2022 oiroa
504 1970 609 2041 togata
624 1962 811 2043 reipublicae
834 1962 935 2025 officia
955 1970 1095 2024 versatur
1114 1963 1183 2023 lau-

218 2049 273 2108 des
295 2048 467 2127 praedicari
489 2050 668 2126 expectaris.
713 2046 776 2108 Sed
798 2047 880 2107 enim
902 2055 995 2126 poeta
1019 2066 1091 2107 usus
1119 2068 1182 2108 am-

214 2133 367 2211 biguitate
388 2132 522 2192 notionis
550 2151 587 2192 ea
608 2130 718 2192 subicit
739 2150 819 2211 quae
840 2132 991 2192 videmus.
1035 2129 1183 2192 Similiter

214 2220 250 2276 in
279 2237 304 2279 c.
325 2235 381 2279 ιιι
407 2214 462 2277 lib.
484 2234 509 2274 11
537 2236 606 2276 oum
634 2217 688 2276 otii
714 2216 896 2276 vocabulum
923 2215 964 2275 ad
990 2217 1184 2278 vacationem

218 2300 358 2361 laborum
377 2320 414 2361 ac
427 2320 587 2361 munorum
609 2300 841 2380 exprimendam
861 2320 917 2379 per
930 2319 986 2360 sex
999 2319 1106 2361 versus
1127 2298 1182 2360 ad·

215 2384 369 2445 hibuisset
389 2386 492 2446 statim
513 2404 550 2445 eo
572 2404 665 2444 sensu
686 2393 828 2465 usurpat,
858 2393 893 2445 ut
914 2386 1032 2447 animus
1055 2403 1129 2445 cura
1152 2391 1185 2444 et

215 2469 348 2529 libidine
370 2489 477 2531 carens
500 2489 537 2530 eo
556 2469 754 2547 significatur.
785 2467 928 2529 Ceterum
948 2487 1029 2548 quae
1047 2486 1184 2547 sequun-

215 2562 269 2614 tur
302 2552 363 2611 *ιιι
396 2562 424 2613 et
449 2556 531 2628 fideli
555 2561 618 2613 tuto
643 2558 757 2613 silentio
784 2553 913 2613 marces'
944 2553 1000 2614 rel.
1026 2552 1182 2613 levissimo

217 2657 255 2696 ac
276 2638 330 2698 vix
349 2637 419 2697 ullo
435 2657 503 2698 cum
523 2636 781 2716 praecedentibus
802 2638 927 2697 vinculo
949 2636 1114 2699 cohaerere
1136 2638 1183 2697 fa-

216 2722 277 2782 cile
305 2731 444 2801 apparet.
487 2721 553 2782 Neo
579 2729 682 2781 mmen
711 2723 750 2782 do
771 2722 885 2782 lacuna
914 2722 1084 2800 cogitarim,
1114 2740 1183 2783 cum

216 2807 440 2867 sententiarum
460 2824 558 2867 nexus
581 2807 614 2866 in
629 2805 814 2866 carminibus
828 2806 952 2866 Horatii
972 2815 1098 2885 praetor
1115 2824 1183 2867 eros
1267 2850 1268 2853 ,

217 2891 278 2950 tica
293 2897 324 2950 et
337 2891 529 2970 sympesiaoa
542 2889 711 2969 aliquando
723 2899 833 2951 tenum
848 2909 906 2950 neo
917 2889 997 2951 solvi
1011 2898 1183 2951 metuentes

217 2993 285 3035 esse
309 2984 358 3035 sat
385 2982 514 3035 constet.
562 2975 646 3036 Hinc
675 2983 721 3036 est
751 2972 835 3053 qnod
868 2973 942 3034 dicit
969 2973 1183 3053 Quintilianus

217 3058 301 3119 nolle
322 3078 356 3120 se
378 3060 411 3118 in
433 3058 616 3138 quibusdam
637 3059 833 3137 interpretari
854 3058 1028 3120 Horatium.

279 3160 332 3216 111,
358 3145 388 3203 3.
437 3142 507 3203 Hoc
533 3162 656 3202 carmen
684 3142 859 3203 Meinekius
886 3163 955 3203 cnm
982 3143 1051 3205 aliis
1078 3143 1184 3204 multis

217 3227 411 3288 continuavit
431 3226 640 3306 praecedenti,
663 3236 841 3300 nonnette,
865 3227 969 3306 siquid
988 3226 1090 3289 video.
1120 3228 1183 3288 Ne-

216 3330 276 3389 que
299 3312 381 3373 enim
402 3312 505 3372 media
524 3317 578 3371 aut
599 3311 708 3370 ultima
721 3310 812 3371 buius
833 3313 984 3391 poematis
1005 3311 1069 3371 ullo
1090 3311 1183 3371 modo

216 3394 335 3455 faciunt
362 3395 403 3457 ad
430 3414 468 3457 ea
496 3392 667 3474 dequibus
694 3396 852 3476 inpriore
879 3403 985 3475 egerat
1011 3404 1118 3474 poeta3
1147 3403 1185 3455 ut

216 3480 353 3540 omittam
373 3478 550 3540 indecoram
575 3498 700 3559 prorsus
726 3489 759 3542 et
779 3481 920 3560 exemplo
942 3488 1098 3542 carentem
1119 3499 1184 3539 am·
