2570 4022
485 221 709 279 Putaram·
995 220 1080 279 XVII

108 382 209 461 gloria
223 382 432 444 Teucrorum'
448 389 479 442 et
492 400 583 460 porro
599 381 790 459 ‘ceciditque
804 380 970 462 superbum
983 380 1079 445 Ilium

109 476 142 526 et
171 469 271 527 omnis
297 466 392 525 humo
422 465 521 525 fumat
545 464 706 544 Neptunia
731 465 856 526 Treia'.
905 466 955 527 Ita
982 463 1075 531 Ovid.

108 561 181 611 met.
203 569 293 625 nm,
316 551 378 610 466
394 568 440 629 sq.
470 551 649 629 ‘postquam
676 549 739 609 alta
761 559 922 611 crematast
942 550 1018 612 Ilios
1045 561 1077 612 et

109 636 238 695 Danaas
260 642 415 714 paverunt
435 631 587 711 Pergama
608 632 772 694 flammas’.
817 633 937 696 Seneca
957 635 1011 695 Tr.
1035 638 1075 695 19

107 738 178 799 sqq.
201 718 365 797 ‘diripitur
378 716 491 778 ardena
505 717 613 791 Troia,
631 736 690 778 nec
705 718 822 779 caelum
836 726 923 797 patet
936 720 1076 783 undante

109 804 207 865 sumo.
227 802 311 862 nube
326 821 383 863 cen
399 801 496 863 densa
511 801 627 863 obsitus
642 809 709 862 ater
723 802 830 863 favilla
844 802 965 882 squalet
978 804 1076 866 Iliaca

110 889 206 948 dies'.
235 887 416 966 Propertius
436 887 663 965 1111,1,31rq.
686 888 810 965 ‘exigno
831 907 972 947 sermone
993 888 1075 948 fores

108 992 195 1031 nunc
214 970 299 1030 Ilion
321 979 354 1030 ct
372 978 408 1029 tu
422 969 518 1029 Troia
537 966 586 1029 bis
609 968 719 1031 Oetaei
740 972 867 1033 numine
889 980 979 1051 capta
1001 972 1075 1033 dei’.

108 1056 174 1116 Vbi
194 1055 276 1116 mals
292 1053 548 1115 Schneidewinus
570 1051 739 1116 ‘Oechalia
760 1065 791 1115 'et
806 1059 870 1116 tu'.
905 1056 973 1117 Nec
994 1059 1076 1118 enim

108 1140 189 1200 illud
210 1139 279 1200 ‘tu’
300 1137 477 1218 habetque
500 1138 668 1200 offendere.
697 1140 747 1200 Ita
760 1139 890 1201 Flaccus
912 1141 989 1202 ‘neo
1008 1142 1075 1202 dul-

108 1244 162 1285 ces
184 1243 301 1284 amores
323 1241 436 1303 sperne
457 1242 535 1302 puer
555 1242 658 1302 neque
678 1231 713 1283 tn
734 1224 888 1299 choreas'‚
913 1233 944 1287 et
964 1227 1076 1287 similia

109 1310 227 1388 passim
247 1309 351 1369 ceteri.
382 1339 421 1352 -·
453 1307 517 1368 Sed
543 1316 579 1367 ut
600 1308 725 1371 redeam
744 1309 780 1369 in
799 1311 895 1383 riam,
924 1311 1003 1373 sicut
1025 1312 1077 1372 dei

109 1403 206 1472 atque
226 1393 380 1465 homines,
404 1393 450 1452 ita
472 1393 566 1452 etiam
587 1392 655 1453 loca
676 1392 766 1454 bruta
788 1394 926 1472 gaudent
946 1395 1075 1457 πολυω·

109 1474 215 1556 vecta.
251 1476 399 1556 Denique
420 1477 504 1555 quod
518 1476 694 1538 Meinekins
716 1497 785 1537 curn
798 1478 1008 1560 Peerlcampio
1029 1490 1075 1541 to·

109 1571 174 1623 tam
194 1561 365 1640 stropham,
387 1561 422 1620 in
444 1579 505 1640 qua
526 1569 599 1621 sunt
619 1561 674 1623 illa
696 1562 795 1640 ‘ignis
815 1563 928 1624 Iliacos
951 1565 1074 1625 domos'

110 1646 243 1706 Horatio
270 1645 441 1717 abiudicat,
472 1645 607 1706 libenter
635 1646 814 1708 accederem
839 1647 914 1707 viris
940 1650 1074 1723 summis,

109 1731 172 1790 nisi
201 1729 328 1791 abiectis
349 1727 490 1790 versibus
519 1729 634 1790 ultimis
654 1730 812 1791 videretur
838 1731 975 1792 clausula
1002 1742 1076 1813 apta

111 1815 201 1874 desse
227 1815 365 1875 carmini.
414 1814 458 1873 Et
485 1813 611 1874 hercule
639 1814 768 1875 decebat
796 1817 923 1877 exitium
950 1818 1073 1891 Troiae,

108 1900 204 1978 longe
219 1900 342 1977 gravium
356 1897 436 1958 illud
449 1906 547 1961 morte
560 1898 683 1959 Paridis
697 1900 831 1960 hominis
845 1901 994 1974 vilissimi,
1010 1922 1075 1962 non

108 1992 230 2044 tantum
263 2003 326 2043 uno
352 2002 445 2042 versu
471 1982 629 2042 breviculo
655 2004 692 2044 ac
717 1984 905 2045 subobscuro
935 1980 991 2067 [8]
1022 1986 1074 2046 de-

109 2066 187 2128 fleri.
204 2099 242 2110 -
267 2066 411 2127 Ceterum
431 2067 466 2126 in
479 2067 581 2127 medic
604 2069 750 2146 opusculo
772 2069 887 2129 iustum
906 2072 1073 2131 sententia·

110 2173 179 2211 rum
200 2171 351 2211 conexum
373 2150 525 2213 desidero.
561 2151 642 2211 Nam
664 2161 694 2212 et
715 2172 770 2232 pro
792 2153 939 2217 historiae
960 2154 1021 2215 fide
1044 2164 1076 2215 et

110 2257 166 2316 pro
180 2236 312 2333 simplici
331 2236 486 2295 rationum
507 2235 724 2313 probabilitate
746 2237 907 2315 oportebat
927 2240 1011 2316 prins
1027 2240 1074 2299 iu·

111 2340 182 2400 gam
202 2320 325 2381 Paridis
352 2339 565 2399 succosumque
594 2328 625 2379 et
651 2319 804 2380 luxuriam
824 2321 936 2398 quibus
962 2322 1074 2382 vitaret

97 2404 247 2483 pericula
263 2404 395 2465 describi
408 2424 515 2483 quam,
539 2424 619 2482 quae
640 2405 767 2467 tandem
788 2412 933 2480 euenere,
957 2426 1074 2486 poenas

109 2488 256 2549 adulterii
283 2497 316 2549 et
340 2497 478 2549 mortem.
525 2488 636 2568 Neque
668 2497 741 2569 apte
768 2491 987 2551 continuantur
1018 2493 1075 2553 illa

110 2574 194 2632 ‘non
221 2572 409 2634 Laertiaden
432 2605 471 2619 -
494 2574 635 2652 respicis,
664 2583 799 2653 urguent
819 2583 850 2637 te
877 2577 1013 2650 Teucer,
1041 2586 1073 2638 te

109 2656 293 2718 Sthenelus'
318 2678 346 2718 e.
361 2677 391 2736 q.
408 2676 433 2719 s.
454 2666 550 2718 metro
566 2658 679 2736 priori,
700 2658 754 2719 ubi
775 2679 840 2719 non
861 2660 926 2720 rivi
939 2660 1072 2736 Paridis,

109 2740 165 2802 ssd
179 2743 271 2802 occisi
286 2742 370 2802 facta
390 2751 437 2801 est
450 2743 577 2802 mentio.
607 2742 666 2803 His
688 2743 780 2805 facile
793 2743 936 2805 medeare
958 2746 1072 2807 incom-

109 2825 207 2887 modis
228 2828 364 2887 traisctis
385 2827 519 2906 strophis
533 2835 642 2905 quarta
657 2835 688 2887 et
702 2829 810 2907 quinta
831 2838 901 2907 post
922 2837 1071 2893 octavam.

108 2909 178 2970 Hcc
199 2911 226 2970 si
248 2911 407 2972 admiseris
428 2911 521 2972 etiam
543 2911 633 2972 illud
645 2915 762 2985 evenit,
786 2922 821 2973 nt
842 2913 983 2974 ordinem
1004 2935 1073 2994 pcr-

108 2995 276 3074 simplicem
303 3003 334 3056 et
354 2995 493 3057 versibus
516 2996 545 3057 6.
562 2997 626 3056 ld
648 2996 831 3071 indicatum,
859 3017 920 3078 quo
942 3000 1073 3079 primum

108 3079 314 3140 Troianorum
326 3078 462 3154 labores,
484 3100 556 3141 mox
569 3078 689 3141 Paridis
705 3090 736 3141 et
750 3084 888 3160 proxime
902 3084 1074 3145 insecutum

108 3164 204 3242 ipsius
219 3164 335 3225 Troiae
356 3165 483 3225 exitium
504 3165 679 3227 enarranda
700 3176 926 3246 proponuntur,
950 3169 1011 3228 iam
1026 3188 1072 3227 re·

105 3250 207 3309 tineat
221 3256 324 3329 poeta.
353 3248 396 3308 Et
409 3259 445 3310 ut
458 3251 502 3310 sic
515 3249 620 3323 trium,
644 3250 688 3309 ita
701 3269 795 3329 supra
812 3251 845 3328 [1‚
863 3255 891 3324 3,
909 3250 964 3329 27]
997 3254 1072 3313 duo-

108 3352 176 3392 rum
189 3353 332 3394 rersuum
346 3333 508 3395 intervallo
523 3335 674 3414 repetitur
688 3333 812 3412 'gentis’
828 3335 1019 3395 vocabulum.
1033 3367 1071 3378 -

109 3416 254 3478 Ceterum
281 3437 349 3478 cum
369 3418 509 3480 versibus
530 3438 585 3481 sex
606 3420 660 3498 qui
681 3427 754 3481 suut
781 3441 800 3480 a
821 3420 929 3496 quinto
954 3418 1072 3478 decimo

107 3501 184 3562 inde
198 3501 344 3564 Flaccum
358 3503 507 3584 pleraque
523 3503 561 3565 de
575 3503 710 3564 Homero
727 3500 779 3580 [11.
795 3521 841 3576 111,
859 3503 910 3561 54.
926 3502 977 3562 55.
993 3504 1070 3581 382]

150 3598 278 3642 Horam.
847 3598 867 3651 b
