2570 4022
480 228 694 286 PRAEFATIO.
975 225 1066 281 xxm

12 352 14 399 7
99 398 166 451 tum
188 408 258 451 esse
278 388 421 450 imbrium
441 389 592 451 violentia
606 389 745 462 furente,
769 385 912 467 equidem
933 405 996 445 non
1019 387 1064 445 in·

101 475 226 551 tellego.
269 474 382 535 Haesit
408 481 510 534 autem
530 474 639 534 vitium
660 471 738 533 illud
760 473 970 552 exscriptum
991 489 1063 550 qna·

102 559 190 619 dratu
212 568 248 621 ut
267 558 354 619 infra
374 553 439 636 [26‚
465 555 500 637 1]
520 558 631 638 puellis
651 577 707 637 pro
731 557 851 617 duellis.

162 677 214 731 ιιι,
230 661 280 732 11,
298 661 336 717 11
359 663 528 733 nuptias-son
541 675 663 737 capara
684 666 760 719 ncts
781 658 905 736 nuptias
927 657 988 718 dici
1008 677 1064 737 pro

12 812 14 815 v
100 763 133 804 rs
155 762 302 803 venerea.
340 742 489 803 Similiter
508 743 592 803 Naso
606 741 677 803 Am.
693 759 728 815 11,
745 743 773 815 7,
790 743 829 800 21
854 741 934 821 ‘quis
960 773 995 785 -
1020 741 1063 802 la·

100 826 202 887 mulae
217 826 352 887 conubia
364 826 446 888 liber
467 829 547 888 inira
563 861 600 875 -
616 827 715 889 velit'.
743 826 794 886 Ita
815 827 918 886 statim
939 827 1063 885 maritus

100 931 156 991 pro
178 920 331 985 amatore,
354 920 386 972 et
406 930 497 989 supra
520 908 693 992 [11,c‚15]
716 908 789 971 ‘ism
803 918 946 991 proterva
963 910 1063 969 fronte

100 1005 185 1075 petet
206 996 325 1075 Lalage
345 995 510 1057 maritnm'.
552 995 674 1058 Eodem
693 1014 788 1056 sensu
811 1002 842 1057 et
862 995 975 1055 coniux
995 1013 1064 1075 pas·

99 1082 156 1140 sim
178 1080 266 1159 apud
287 1081 418 1141 eroticos
438 1081 607 1141 invenitur.

162 1199 211 1255 111,
230 1182 280 1255 11,
299 1182 432 1243 17-20.
460 1180 529 1242 Hos
547 1200 653 1243 versus
674 1183 702 1242 si
721 1182 893 1260 scripsisset
906 1180 1062 1254 Horatius,

12 1286 13 1289 ¹
100 1264 223 1345 indigni
245 1273 335 1326 crant
351 1265 478 1327 hercule
498 1265 570 1328 libri
591 1269 657 1328 eius
677 1269 711 1326 in
733 1266 845 1346 quibus
864 1267 1064 1327 recensendis

99 1349 262 1410 Bentleins
277 1358 309 1411 et
322 1349 498 1411 Meinekius
518 1360 549 1413 ct
562 1351 843 1431 praestantissimus
862 1351 993 1431 quisque
1007 1353 1064 1413 ori·

98 1435 228 1495 ticcrnm
249 1434 389 1496 locarent
410 1455 544 1515 operam.
574 1436 637 1497 Sed
659 1437 742 1496 enim
763 1454 827 1496 non
841 1436 971 1515 scripsit.
1000 1436 1063 1496 No·

99 1518 229 1578 tandum
259 1527 362 1580 antem
387 1518 475 1580 illum
502 1528 589 1581 extra
615 1529 736 1581 saturas
762 1539 827 1580 nou
852 1521 949 1599 magis
972 1538 1063 1599 quam

99 1603 273 1677 Tibullum,
303 1604 514 1683 Propertium,
543 1603 689 1666 Ovidium
710 1604 787 1665 ulios
808 1605 919 1665 multos
941 1605 987 1664 uti
1010 1605 1062 1665 ad·

99 1688 216 1747 iectivo
239 1688 324 1767 qnod
345 1696 392 1749 est
412 1696 520 1749 taeter.
556 1689 640 1750 Male
661 1689 787 1769 qnidam
808 1689 892 1767 apud
905 1687 1063 1750 Tibullum

100 1770 246 1832 ‘dextera
267 1792 327 1833 nec
347 1775 490 1853 cuiquam
517 1780 617 1834 taetra
638 1793 763 1835 venena
783 1773 887 1834 dedit'
921 1782 953 1834 et
979 1774 1063 1853 apud

98 1855 295 1936 Propertium
331 1855 428 1936 ‘quae
455 1859 533 1918 solet
560 1859 683 1937 ingrato
710 1859 812 1921 dicere
839 1865 939 1920 taetra
964 1858 1062 1919 looo'.

98 1940 163 2001 Nec
186 1949 260 2021 apte
280 1941 442 2003 Bentleins
463 1944 498 2002 in
520 1944 631 2004 saturis
655 1939 697 2022 [1‚
715 1944 743 2017 5,
762 1939 801 2021 7]
825 1942 892 2003 ‘hic
914 1961 971 2022 ego
993 1963 1062 2022 pro·

99 2033 168 2104 pter
178 2044 291 2104 aquam
302 2026 385 2105 quod
397 2035 463 2088 erat
473 2029 629 2088 teterrima
639 2028 741 2088 ventri
751 2027 854 2088 indico
866 2026 1008 2088 bellum'.
1024 2057 1061 2071 -

98 2109 279 2170 Notandum
293 2117 395 2170 autem
409 2112 594 2172 adiectivum
607 2112 685 2172 illud
695 2114 825 2173 maxime
836 2112 964 2190 reperiri
979 2111 1063 2190 apud

98 2195 284 2254 vetustiores
310 2204 419 2274 poetas
447 2217 515 2256 cum
537 2195 658 2257 Catullo
688 2206 719 2257 et
744 2216 816 2257 mox
842 2195 926 2275 apud
946 2196 1062 2255 similes

98 2277 208 2338 horum
219 2277 422 2340 Christianos.
437 2280 531 2342 Vnde
541 2301 606 2341 non
618 2281 726 2340 mirum
736 2278 820 2340 idem
830 2288 967 2359 prostare
978 2279 1063 2356 apud

99 2383 150 2423 eos
165 2364 220 2442 qui
235 2363 340 2425 fucata
353 2365 545 2444 antiquitatis
559 2365 663 2444 specie
678 2365 813 2425 carmina
825 2383 883 2424 sua
893 2363 1063 2423 identidem

99 2447 292 2526 distinguere
313 2458 432 2523 amant,
454 2459 531 2529 puta
552 2450 723 2530 Vergilium
743 2458 775 2510 et
797 2448 956 2511 Senecam.

159 2567 215 2622 111,
240 2551 292 2609 12.
321 2546 544 2610 Accedendum
565 2551 659 2631 plane
681 2551 853 2613 existimavi
871 2549 1063 2611 Lachmanni

97 2635 275 2695 sententiae
305 2632 473 2715 [zeitschr.
502 2637 524 2695 f.
546 2634 776 2697 Alterthnmsw.
801 2636 892 2695 1845.
916 2636 965 2694 61.
989 2632 1059 2713 62],

98 2719 151 2796 qui
171 2718 320 2779 Flaccum
341 2740 406 2779 non
434 2721 468 2779 in
489 2721 548 2780 hoc
568 2722 669 2781 minus
692 2722 826 2781 carmine
847 2738 939 2798 qnam
960 2721 993 2779 in
1015 2740 1061 2778 re-

96 2802 190 2881 liquis
217 2812 385 2884 systemate
413 2813 630 2885 quatemornm
656 2825 800 2865 versuum
822 2803 910 2865 denis
937 2803 1063 2883 quidem

97 2887 208 2947 ionicis
244 2908 264 2947 a
289 2889 402 2949 minori
429 2890 635 2951 constantium
667 2909 756 2949 usum
783 2907 850 2949 esse
879 2889 1060 2965 declaravit3

97 2979 129 3030 et
149 2991 302 3032 summam
322 2973 448 3052 quidem
468 2975 514 3034 rei
536 2974 608 3034 olim
629 2974 787 3053 perspexit
807 2973 977 3033 Bentleius.
1012 2974 1063 3033 De

96 3074 159 3135 qua
180 3057 242 3115 iam
264 3059 419 3119 neminem
441 3057 650 3118 dubitaturum
673 3059 801 3131 confido,
824 3065 988 3138 postquam
1010 3058 1061 3118 de-

95 3141 267 3200 monstravi
290 3136 335 3220 [d.
350 3163 376 3202 ι.
391 3150 478 3202 metr.
503 3140 578 3222 116]
602 3145 694 3203 etiam
714 3143 865 3203 Laeuium
885 3163 974 3203 usum
995 3160 1062 3200 esse

94 3232 266 3303 systemate
287 3226 457 3287 ionicorum
478 3246 497 3286 a
518 3228 626 3289 maiori
649 3227 796 3288 denorum
819 3236 850 3288 et
871 3244 1062 3288 novenorum

95 3309 232 3369 invicem
252 3329 286 3370 se
309 3312 540 3390 excipientium:

232 3389 329 3443 Venus
346 3394 447 3444 amoris
464 3393 545 3445 altrix
562 3392 689 3460 genetrix
707 3390 888 3461 cuppidititis
904 3390 971 3441 mibi
989 3389 1061 3454 qudo

165 3457 238 3509 diem
254 3457 382 3510 serdnum
393 3461 512 3513 hilarula
529 3461 719 3529 pradpandere
738 3460 822 3515 crdsti
833 3455 982 3525 opuscula&
995 3463 1061 3507 tuae

165 3540 201 3577 cc
216 3523 374 3594 ministrae,
