2570 4022
365 226 414 284 DE
431 225 566 282 ME'I'RIS
583 225 817 284 EORATIANIS.
996 226 1072 284 LXV

511 383 608 434 Parios
626 397 678 447 ego
696 383 801 448 pumus
817 381 925 435 lambos

174 452 403 516 amattheus,
421 465 549 502 numeros
567 451 726 516 animosque
744 453 856 502 secutus

172 520 350 583 Archilochi,
368 535 424 570 nou
442 533 486 569 res
503 523 534 569 et
551 518 665 583 agentis
682 518 769 569 verbs
786 517 956 583 Lycamben.

174 607 208 641 ac
225 605 262 643 ue
279 603 325 638 me
344 587 422 638 foliis
434 585 504 636 -ideo
520 585 692 637 brevioribus
710 596 807 647 ornes,

174 656 247 722 qnod
264 654 346 706 timui
361 658 468 704 mutare
486 650 580 702 modos
598 656 627 704 et
645 651 773 704 carminls
792 656 893 706 artem:

174 727 313 788 temperat
332 720 493 772 Archilochi
508 719 618 771 Musam
634 718 705 786 pede
722 719 848 770 mascula
867 718 992 785 Sappho,

173 794 316 857 temperet
331 789 466 851 Alassos,
484 786 533 839 sed
551 786 634 838 rohos
653 792 682 838 et
699 787 793 837 ordine
812 785 919 851 dispar,

174 873 227 911 neo
243 872 370 910 socerum
388 857 512 922 quaerit,
530 868 612 918 quoni
628 854 757 905 versibus
775 853 882 905 oblinat
900 852 984 916 atris,

174 942 229 977 nec
248 938 366 991 sponsae
383 922 514 990 laqueum
531 921 638 973 femore
656 921 777 973 carmine
794 922 894 974 nectit.

173 994 250 1045 hunc
268 1007 320 1059 ego
336 1004 392 1041 non
411 990 468 1041 elio
484 989 588 1040 dictum
605 989 683 1056 prius
701 1003 747 1040 ore
763 987 883 1040 Lamnus

178 1059 292 1127 volgavi
308 1057 419 1109 fidicen.

107 1148 147 1208 In
173 1147 224 1206 his
246 1144 331 1224 quod
352 1143 541 1225 paenultimo
563 1161 655 1202 versu
676 1141 791 1221 legitur
812 1141 928 1203 ‘hunc’
957 1143 998 1203 sd
1019 1142 1073 1203 Al·

108 1251 232 1304 caeum,
260 1248 326 1288 non
346 1227 387 1288 ad
407 1227 627 1288 Archilochum
647 1228 804 1306 pertinere
831 1228 990 1288 verissime
1011 1247 1074 1287 mo-

108 1318 179 1377 nuit
198 1313 371 1375 Bentleius.
415 1312 582 1373 Praeterea
609 1311 687 1371 illud
716 1311 902 1391 ‘temperat'
931 1306 986 1372 diu
1012 1331 1074 1373 me·

109 1402 225 1461 ditatus
249 1417 313 1457 non
336 1396 397 1457 alio
419 1397 486 1457 fere
506 1396 598 1456 modo
626 1404 720 1474 atque
740 1394 824 1456 idern
845 1397 964 1457 censuit
984 1416 1075 1476 posse

14 1480 16 1483 ’
108 1486 209 1562 accipi
231 1500 411 1562 persuasum
431 1478 547 1552 haheo,
569 1487 605 1540 ut
625 1481 666 1540 sit
687 1480 802 1540 dictum
823 1481 962 1541 similiter
983 1489 1076 1560 atque

109 1571 143 1628 in
166 1565 276 1648 epodis
297 1565 512 1645 ‘desiderique
526 1572 698 1644 temperare
713 1564 853 1644 pocula'.
883 1564 996 1643 Itaque
1016 1564 1076 1625 hoc

109 1652 169 1713 sibi
192 1651 261 1711 vult
273 1649 403 1711 Flaccus
424 1648 581 1709 miscuisse
603 1649 733 1729 propriis
747 1647 951 1709 Aeolenslum
970 1650 1075 1710 metris

109 1733 291 1796 Archilochi
312 1734 421 1794 Ionica
442 1733 642 1813 Sapphonem
663 1741 695 1793 et
714 1733 874 1807 Alcaeum,
898 1732 937 1793 de
959 1752 1021 1813 qna
1041 1754 1076 1794 re

111 1830 142 1881 et
175 1817 305 1883 aliunde
333 1825 463 1878 comtat.
519 1818 666 1897 Denique
693 1818 778 1898 quod
810 1817 894 1878 idem
921 1826 1078 1879 asseverat

109 1906 249 1965 timuisse
269 1922 305 1963 se
325 1902 468 1963 carminis
489 1901 574 1982 Parii
601 1901 708 1962 modos
731 1911 762 1963 et
783 1909 880 1963 artem
906 1902 1075 1977 immutare,

14 2004 15 2007 ’
110 1987 258 2071 equidem
284 1986 370 2048 heud
401 2005 476 2048 sane
509 1985 703 2064 urguendum
735 2006 803 2047 esse
830 2006 952 2047 censeo.
1004 1987 1078 2068 Ipse

111 2075 229 2153 quippe
250 2071 357 2151 paullo
378 2079 450 2131 ante
470 2071 656 2131 imitatorum
676 2090 799 2132 servum
820 2090 918 2151 genos
940 2091 1000 2151 qno
1022 2091 1080 2152 par

110 2166 179 2218 erat
200 2156 297 2216 irrisit
318 2154 464 2215 ludibrio.

176 2238 321 2301 Ueterum
343 2238 427 2318 quod
447 2239 530 2299 idem
551 2240 662 2300 asserit
680 2259 701 2299 c
714 2258 748 2300 se
761 2238 940 2300 Archilochi
961 2238 1078 2300 iambos

111 2325 279 2385 translatos
300 2325 334 2383 in
348 2323 484 2398 Latium,
508 2324 553 2383 ita
572 2323 817 2402 intellegendum
832 2331 929 2384 estut
944 2324 1079 2383 dicamus

112 2430 183 2469 eum
209 2410 340 2489 primum
367 2407 476 2488 epodis
502 2409 609 2468 iuncte
636 2409 771 2469 carmina
799 2407 931 2469 iambica
955 2415 1079 2487 aptasse

111 2494 240 2573 linguae
268 2492 397 2572 patriae.
445 2492 572 2552 Etenim
598 2501 738 2554 cantores
765 2492 976 2572 Euphorionis
1002 2510 1079 2571 quos

114 2578 191 2638 dicit
203 2577 326 2638 Tullius
346 2585 381 2636 ut
401 2584 476 2656 pute
491 2575 646 2649 (latullne,
669 2576 804 2638 Laevius
825 2578 880 2649 alii
898 2577 993 2656 longe
1008 2586 1081 2638 ante

113 2664 214 2743 ipsum
227 2660 458 2721 Alexandrinos
479 2662 669 2740 potissimum
682 2663 780 2722 secuti
800 2670 907 2741 poetas
928 2663 1081 2722 trimetros

114 2755 146 2805 et
172 2746 319 2806 dimetros
352 2745 476 2806 exclusa
506 2747 716 2806 scaenicorum
741 2747 870 2818 licentia
900 2745 1081 2806 adhibuere.

115 2828 255 2907 Quorum
291 2829 434 2908 equidem
464 2830 503 2890 de
531 2839 597 2891 arte
628 2831 781 2890 remisisse
814 2831 933 2910 aliquid
958 2829 1083 2893 videtur

37 2912 40 2918 ’
112 2913 254 2974 Flaccus.
293 2912 384 2974 Certe
408 2912 522 2974 Oatulli
542 2914 576 2973 in
597 2913 738 2975 versibus
759 2917 858 2975 rarius
881 2916 1012 2976 occurrit
1034 2934 1082 2977 so·

111 2998 180 3058 luta
201 2999 278 3057 arsis
299 3016 391 3077 quam
412 2998 496 3077 apud
509 2997 688 3060 Horatium:
710 3001 834 3079 saepius
856 3000 966 3063 eadem
985 3001 1081 3062 licen-

113 3083 158 3141 tia
189 3082 275 3162 apud
301 3082 451 3142 Laeuium
478 3083 635 3143 invenitur
667 3083 721 3163 qni
753 3092 785 3144 et
818 3093 1021 3166 anapaestum
1048 3085 1083 3143 in

113 3167 213 3328 fdimra
222 3175 268 3309 1pt
280 3167 480 3330 '‘plaeppptima
500 3166 575 3230 sede
588 3168 679 3228 metri
699 3186 755 3248 pro
777 3170 916 3248 spondeo
939 3167 1082 3228 adhibuit

157 3293 380 3395 'deciensium
401 3296 562 3414 poetarum
583 3337 624 3398 ad
645 3355 788 3398 numeros
810 3339 924 3417 primus
947 3335 1084 3394 carmina

113 3419 235 3497 aptavit
257 3417 411 3491 Getullns,
441 3420 496 3479 sed
517 3430 552 3480 ut
572 3423 655 3480 intra
677 3419 852 3501 sapphonis
879 3419 1083 3479 imitationem

88 3501 304 3564 subsisteret.
333 3502 426 3563 Vnde
445 3512 608 3566 rectorem
629 3507 791 3566 instituere
813 3504 895 3564 docti
910 3502 994 3583 quod
1017 3504 1084 3563 eius

157 3597 292 3640 Hemesa
862 3613 879 3654 θ
