2610 4028
372 792 968 894 SATIRARVM

533 988 644 1044 numu
660 988 805 1046 numus

653 1156 682 1232 Ι.

251 1258 328 1375 Qui
349 1289 401 1372 fit,
422 1289 606 1369 Maecenas,
633 1292 671 1352 ut
691 1308 800 1370 nemo,
829 1308 925 1370 quam
947 1287 1009 1352 sibi
1031 1290 1156 1355 sortem
1278 1339 1279 1342 η

251 1373 314 1440 Seu
334 1374 416 1438 ratio
439 1373 560 1438 dederit
581 1393 637 1437 seu
658 1372 725 1436 fors
747 1372 913 1455 obiecerit,
935 1372 991 1436 illu

251 1458 427 1530 Contentus
448 1456 550 1540 vivat,
572 1456 679 1521 laudet
701 1456 827 1520 diversa
846 1455 1036 1540 sequentes?

251 1542 290 1609 Ὀ
312 1542 467 1607 fortunati
489 1542 706 1605 mercatoresl'
737 1540 844 1625 gravis
865 1542 959 1604 annis

188 1638 203 1687 t
250 1625 344 1690 Miles
366 1627 425 1710 ait,
447 1625 548 1691 multo
571 1625 635 1688 iam
655 1624 775 1688 fructus
796 1624 939 1688 membre
959 1624 1078 1688 labore.

251 1708 371 1775 Contra
392 1713 564 1792 mercator,
585 1708 693 1772 navim
714 1708 907 1773 iactantibus
921 1708 1048 1772 Austris
1054 1756 1064 1790 ‚
1285 1772 1286 1775 ,

250 1791 411 1857 ‘Militisst
430 1795 544 1877 potior.
573 1791 656 1868 Quid
671 1792 779 1856 enim?
808 1791 1028 1876 Concurritur3
1051 1791 1155 1858 horae
1286 1832 1287 1869 3

249 1876 414 1942 Memento
437 1878 500 1941 cita
521 1897 608 1940 mors
629 1877 719 1940 venit
739 1879 795 1940 sut
815 1876 949 1941 victoris
970 1877 1075 1941 lactu!

249 1960 434 2045 Agricolam
456 1960 565 2026 laudat
585 1960 664 2025 iuris
686 1961 854 2046 legumque
874 1960 1011 2045 peritus,

188 2058 220 2107 ιο
252 2043 318 2110 Sub
362 2045 417 2109 alli
439 2049 568 2110 cantum
589 2045 753 2112 consultor
773 2045 829 2109 ubi
849 2045 933 2109 ostia
953 2045 1069 2128 pulsat.

250 2128 310 2193 lllc
331 2065 415 2194 datis
436 2129 567 2226 unditus
589 2131 643 2212 qui
664 2151 737 2193 rure
759 2132 919 2193 extructus
943 2129 979 2193 in
991 2129 1152 2213 urbemst‚

250 2212 343 2278 Solos
364 2213 473 2279 felices
495 2218 637 2278 umentes
659 2214 777 2278 clamat
801 2214 835 2276 in
856 2213 946 2278 urbe.

251 2294 365 2363 Cetera
379 2297 548 2384 degenere
569 2297 646 2378 hoc,
662 2297 741 2361 adeo
757 2301 832 2362 sunt
845 2297 960 2380 mults,
983 2298 1151 2381 loquacem

250 2379 418 2446 Delassare
432 2381 547 2446 'valent
567 2380 712 2446 Fabium.
755 2380 807 2447 Ne
827 2384 861 2445 te
882 2402 1001 2464 morer,
1023 2380 1097 2444 sudi

188 2478 218 2527 15
252 2464 321 2539 Quo
343 2486 412 2529 rem
433 2464 595 2528 deducam.
634 2464 740 2550 Siquis
763 2465 840 2530 deus
862 2464 926 2530 ‘En
947 2473 1019 2550 ego’
1042 2464 1130 2529 dicct

250 2547 332 2612 ‘Iam
346 2547 461 2612 facicm
484 2547 568 2631 quod
584 2549 693 2634 voltis3
716 2550 777 2614 eris
798 2553 844 2633 tu,
867 2550 921 2646 qui
934 2548 1030 2613 modo
1047 2548 1152 2630 miles,

249 2631 423 2715 Mercst0r3
444 2634 480 2696 tu
500 2633 663 2698 consultus
678 2633 789 2716 modo,
810 2635 962 2698 rusticus:
984 2631 1060 2696 hinc
1075 2652 1153 2716 vos,

249 2714 316 2781 Vos
336 2713 412 2801 hinc
432 2715 565 2781 mutatis
586 2716 738 2782 discedite
759 2718 913 2800 partibus.
946 2715 1015 2782 Eis.

250 2798 333 2875 Quid
355 2799 482 2864 statis‘l'
505 2800 619 2865 nolint.
656 2803 756 2885 Atqui
777 2802 853 2867 licet
873 2823 942 2865 esse
964 2801 1077 2865 beatis.

186 2896 220 2947 20
251 2882 334 2960 Quid
356 2887 514 2969 causaest,
537 2885 650 2950 merito
673 2887 751 2969 quin
772 2885 997 2968 illisluppiter
1018 2884 1131 2949 ambas
1153 2900 1156 2904 ’

249 2965 354 3032 Iratus
376 2967 494 3034 buccas
515 2968 606 3033 inflet
625 2990 729 3052 neque
751 2991 785 3034 se
805 2969 875 3034 fore
895 2967 1031 3053 posthac

250 3050 330 3116 Tam
342 3050 478 3128 ¹facilem
500 3051 598 3136 dicat,
620 3054 704 3117 votis
726 3055 763 3117 ut
804 3053 935 3118 rcebeat
955 3051 1087 3118 curem?

248 3136 416 3202 Praeterea
436 3158 478 3200 ne
501 3136 562 3220 sic,
585 3140 620 3201 ut
642 3138 697 3220 qui
717 3138 768 3203 ioc
804 3137 888 3220 aria,
910 3136 1019 3203 ridens

188 3268 221 3317 50
248 3221 436 3318 lffiqrcurrcm
458 3223 663 3306 (quamquem
684 3222 840 3287 ridentem
863 3221 966 3286 dicere
987 3242 1098 3285 verum

252 3305 336 3402 crud
358 3304 465 3369 vetat?
488 3308 525 3368 ut
544 3304 651 3387 pueris
673 3304 749 3370 olim
778 3306 857 3370 dsnt
880 3305 1021 3371 crustula
1041 3303 1155 3369 blandi
1286 3320 1288 3367 J

250 3366 779 3553 utrumnum
799 3389 1058 3558 us)

999 3522 1008 3558 2

993 3768 995 3771 ,
1076 3728 1288 3927 ..Δ
