2610 4028
361 769 954 903 sidicinum

502 997 607 1053 LIBER
625 998 820 1056 SECVNDVS.

640 1171 670 1245 Ι.

239 1270 347 1371 ‘Sunt
368 1301 483 1385 quibus
505 1301 540 1365 in
561 1302 657 1366 satira
673 1301 784 1366 videor
804 1301 900 1365 nimis
915 1322 989 1366 acer
1003 1304 1035 1366 et
1056 1303 1145 1366 ultra

238 1384 358 1471 Legem
380 1385 511 1451 tendere
532 1406 626 1470 opus;
649 1386 718 1450 sine
738 1385 844 1450 nervis
865 1386 965 1450 altera
985 1386 1144 1470 quidquid

240 1469 428 1555 (imposui,
449 1491 523 1555 pars
546 1492 615 1534 esse
636 1473 730 1555 putat
751 1469 932 1554 similesque
953 1491 1098 1535 meorum

238 1553 329 1619 Mille
350 1553 401 1619 die
423 1575 532 1619 versus
553 1553 667 1618 deduci
687 1574 791 1638 posse.
836 1551 965 1618 Trebati
965 1603 982 1669 θ

174 1650 191 1700 o
233 1636 317 1715 Quid
330 1637 462 1722 faciam,
485 1637 687 1722 praescribe!
718 1636 904 1736 ‘Quiescaa'
935 1638 997 1703 ‘lte
1011 1639 1142 1723 faciam,

237 1804 377 1902 Omnino
399 1805 543 1871 versusl’
580 1806 679 1871 ‘Ain’
716 1743 980 1903 ‘Peffinsffle'
1003 1807 1031 1870 si
1052 1828 1140 1904 non'

238 1888 403 1974 Optimum
414 1893 496 1957 erat·
513 1911 623 1955 verum
636 1910 760 1975 nequeo
776 1890 936 1955 domne?
965 1888 1141 1955 ‘Teruncti

237 1972 440 2071 Transnanto
455 1940 609 2057 liberm,
632 1992 745 2039 somno
768 1975 882 2059 quibus
898 1977 947 2039 est
963 1995 1042 2058 opus
1056 1975 1139 2058 alto,

236 2056 465 2143 Innguumque
485 2079 574 2123 mero
598 2059 656 2125 sub
677 2061 805 2124 noctem
827 2079 942 2143 corpus
963 2058 1111 2131 habento.

175 2155 208 2204 10
238 2142 307 2206 Aut
328 2142 355 2206 si
376 2146 484 2207 tantus
507 2164 596 2208 amor
617 2141 776 2208 scribendi
797 2148 830 2208 te
851 2144 950 2226 rapit,
972 2142 1053 2208 aude

237 2225 383 2292 Caesaris
403 2227 517 2292 invicti
536 2250 587 2292 res
609 2227 728 2310 dicere,
751 2228 853 2292 multa
873 2227 1018 2295 laborum

236 2310 385 2385 Praemia¹
401 2312 545 2376 laturus!
583 2308 769 2396 ‘Cupidum‚
791 2314 883 2458 pater
897 2312 1032 2397 optime,
1053 2311 1141 2377 vireo

236 2394 411 2460 Deficiunt:
436 2419 460 2462 n
499 2417 539 2460 ue
562 2396 648 2460 enim
669 2395 772 2479 quivis
818 2396 958 2460 orrentia
979 2396 1053 2483 pilis

236 2479 378 2563 Agmina
397 2500 457 2544 nec
509 2482 581 2544 acta
624 2481 770 2544 ereuntes
792 2479 922 2563 cuspide
944 2479 1054 2544 Gades

174 2575 206 2625 15
238 2563 306 2626 Aut
326 2563 463 2627 labentis
485 2585 566 2647 equo
611 2563 739 2629 ascribit
760 2563 892 2628 vulnera
913 2563 1046 2628 Parthi?

238 2646 402 2711 ‘Attamen
423 2649 456 2711 et
476 2647 595 2715 iustum
639 2650 744 2713 oleras
767 2651 800 2712 et
821 2647 957 2713 scribere
978 2647 1111 2730 fortem,

236 2729 416 2814 Scipiadam
430 2734 466 2795 ut
480 2732 608 2817 sapiens
650 2732 787 2797 acilius?
821 2731 929 2796 ‘Haud
949 2731 1030 2796 mihi
1050 2730 1139 2814 deroj

236 2812 318 2880 Oum
332 2836 383 2880 res
398 2816 470 2900 ipsa
490 2816 588 2881 feret:
616 2816 680 2881 nisi
702 2815 813 2881 dextro
834 2818 993 2900 tempore,
1014 2814 1123 2881 Flacci

224 2896 344 2963 ‘Verba
388 2921 422 2964 er
443 2903 600 2979 attentam
621 2921 688 2964 non
708 2900 803 2965 ibunt
817 2898 962 2966 Caesaris
983 2921 1107 2981 aurem,

171 2993 205 3044 20
237 2979 298 3047 cui
320 2921 404 3048 maia
426 2984 454 3049 si
475 2984 530 3068 pal
553 3005 621 3068 ere,
643 2984 826 3049 recalcitrat
847 2984 984 3068 undique
1005 2987 1117 3048 tutus?

236 3063 374 3141 ‘Quanto
396 3068 513 3132 rectius
529 3007 613 3151 loc,
657 3088 732 3132 uam
753 3068 839 3133 tristi
860 3066 984 3133 laedere
1005 3089 1101 3132 versu

233 3147 447 3215 Pantolabum
470 3172 612 3217 sccnram
664 3154 931 3236 omentanumque
951 3155 1116 3236 nepotem.

234 3232 316 3299 Cum
342 3234 404 3299 sibi
431 3236 566 3320 quisque
594 3237 702 3318 timet,
732 3238 956 3383 quapnqplapist
981 3236 1141 3317 intactus,

778 3342 796 3384 e
832 3341 851 3385 o
901 3327 922 3384 .'

234 3399 330 3476 ‘Quid
350 3402 490 3468 faciam?
528 3401 632 3468 Saltat
653 3402 819 3487 Milonius,
842 3408 878 3469 ut
900 3403 998 3468 semel
1019 3403 1085 3469 icto

170 3493 204 3544 ao
233 3482 379 3550 Accessit
399 3486 505 3552 fervor
527 3486 625 3569 capiti
646 3507 860 3572 numerusque
882 3487 1036 3570 lucernis;
