2558 4022
114 241 226 315 xum]
530 241 638 297 amna
658 241 680 300 a
1012 236 1074 302 211

115 403 313 469 Alterutrum
334 404 428 469 velox
448 403 583 469 vicmria
602 404 716 469 fronde
737 408 876 472 coronet

116 488 304 555 Consentire
326 487 391 553 suis
414 487 527 561 studiis
549 488 603 571 qui
625 487 792 554 crediderit
811 492 859 572 te,
1043 502 1075 553 ut

114 573 234 638 Fautor
254 573 389 656 utroque
410 574 501 636 tuum
522 571 665 637 laudabit
685 573 801 657 pollice
823 573 941 639 ludum.

114 656 265 723 Protinus
286 659 323 722 ut
343 675 505 739 moneam,
528 656 633 741 siquid
654 657 821 722 monitoris
844 679 919 744 eges
940 661 990 723 tu:

116 740 199 817 Quid
219 739 259 804 de
281 759 406 824 quoque
427 740 496 804 viro
518 742 552 805 et
572 741 623 804 cui
644 740 747 824 dicas,
770 762 823 806 sas
847 763 864 806 e
885 742 1000 807 videto.

115 823 374 890 Percontatorem
456 825 515 889 'toz
536 845 612 888 narn
632 825 778 910 garrulus
800 827 812 890 i
833 830 929 909 emst,

115 907 184 975 Nec
204 907 346 973 retinent
365 929 407 993 pa
456 929 493 973 ae
515 909 673 973 conmissa
693 909 829 976 fideliter
850 930 956 994 aures,
1043 923 1076 973 το

115 992 160 1058 Et
180 992 280 1057 semel
301 991 452 1057 emissum
474 992 562 1058 volat
582 993 795 1060 inrevocabile
816 994 957 1059 verbum.

115 1076 192 1143 Non
213 1075 331 1141 ancilla
350 1078 441 1142 tuum
462 1077 549 1142 iecur
570 1077 690 1142 ulceret
710 1078 777 1142 ulla
796 1100 913 1175 puerve

6 1202 8 1233 ς
115 1160 206 1226 lntra
225 1179 438 1225 marmoreum
459 1161 631 1226 venerandi
652 1162 752 1226 limen
772 1183 882 1246 amlor,

115 1244 166 1309 Ne
187 1243 334 1309 dominus
355 1245 447 1329 pueri
467 1244 593 1329 pulchri
614 1266 745 1310 caraeve
766 1247 891 1330 puellae

6 1366 8 1415 2
115 1328 247 1395 Munere
267 1331 300 1394 te
322 1349 420 1413 parvo
441 1328 516 1394 beet
536 1332 592 1393 aut
611 1329 832 1395 incommodus
853 1334 960 1416 angat
1043 1343 1076 1393 ‘15

115 1411 247 1490 Qualem
275 1411 493 1497 commendes,
523 1413 619 1478 etiam
647 1417 741 1498 atque
768 1414 864 1479 etiam
890 1415 1011 1499 aspice,

720 1519 762 1563 ne
782 1518 857 1563 mox

114 1580 278 1646 Incutiunt
298 1580 403 1646 aliena
422 1580 483 1645 tibi
504 1585 636 1666 peccata
656 1581 818 1666 pudorem.

113 1665 283 1749 Fallimur,
299 1667 332 1731 et
366 1664 506 1731 uondam
519 1686 586 1731 non
601 1666 734 1752 dignum
746 1667 914 1732 tradimus:
935 1688 1012 1751 ergo

115 1749 216 1826 Quem
237 1771 295 1815 sua
316 1769 332 1815 c
367 1771 409 1833 pa
429 1752 566 1834 premet,
590 1749 739 1835 deeeptus
761 1751 873 1816 omitte
893 1751 991 1836 tueri;

113 1833 160 1898 Vt
180 1834 307 1918 penitus
328 1836 455 1917 notum,
478 1834 506 1899 si
527 1837 686 1918 temptent
706 1836 852 1920 crimina,
875 1856 979 1900 serves
1042 1848 1076 1897 80

6 1968 8 1997 ἶ
113 1917 302 2066 Tuberisque
322 1921 379 1982 tuo
400 1916 551 1983 fidentem
572 1918 746 2003 praesidio:
769 1921 823 2004 qui

6 2018 8 2029 “
113 2000 220 2067 Dente
268 2000 407 2067 heonino
430 2023 503 2068 cum
524 2003 783 2088 circumroditur,
805 2003 917 2101 ecquid

113 2086 166 2150 Ad
186 2089 219 2151 te
240 2088 315 2170 post
334 2086 444 2171 paullo
463 2090 598 2151 ventura
618 2087 760 2172 pericula
781 2086 901 2152 senus?

112 2170 199 2235 Nam
219 2173 275 2235 tua
288 2191 339 2235 res
406 2170 484 2254 'tua
505 2171 609 2256 paries
631 2192 703 2235 cum
722 2171 887 2257 proximus
908 2170 1011 2256 ardet,

112 2253 159 2319 Et
178 2254 327 2340 neglecta
347 2191 453 2319 editur
471 2254 620 2320 incendia
640 2276 763 2320 sumere
784 2255 877 2320 vires.
1041 2269 1074 2318 85

113 2336 225 2404 Dulcis
246 2339 420 2424 inexpertis
441 2339 565 2405 cultura
585 2340 727 2423 potentis
749 2339 857 2424 amici3

113 2421 273 2507 Expertus
293 2423 417 2488 metuit.
463 2421 526 2506 Tu,
549 2423 624 2488 dum
645 2426 701 2487 tua
721 2423 813 2488 navis
834 2423 868 2487 in
890 2423 1002 2507 altost,

112 2504 186 2570 Hoc
208 2528 284 2593 age,
305 2529 347 2573 ne
367 2510 491 2572 mutata
510 2510 684 2573 retrorsum
704 2510 737 2572 te
758 2507 842 2574 ierat
862 2528 947 2572 aura.

114 2590 259 2657 Oderunt
279 2590 412 2657 hilarem
432 2592 541 2657 tristes
562 2592 748 2675 tristemque
769 2592 885 2675 iocosi,

112 2673 265 2741 Sedatum
287 2676 419 2760 celeres,
441 2698 460 2741 a
485 2677 559 2741 ’ern
579 2697 719 2763 gnavum
740 2697 780 2740 ue
795 2675 934 2760 remissi3
1041 2688 1075 2736 90

110 2757 247 2824 Poteres
270 2757 384 2848 [bibuli
404 2782 456 2825 me
481 2760 487 2773 '
530 2760 685 2826 densete
734 2760 835 2824 alerni

112 2841 268 2932 Oderunt]
291 2847 439 2930 porrecta
457 2847 631 2931 negantem
651 2844 780 2929 pocula,
802 2842 948 2928 quamvis

109 2926 296 2994 Nocturnos
317 2928 402 2994 iures
422 2932 455 2994 te
475 2929 646 2994 formidare
666 2931 804 3013 tepores.

109 3008 214 3077 Deme
235 3013 403 3098 supercilio
425 3013 558 3079 nubem:
579 3014 765 3099 plerumque
786 3011 948 3078 modestus

111 3094 258 3180 Occupat
278 3097 405 3162 obscuri
426 3098 579 3182 speciem,
600 3097 777 3161 taciturnus
798 3096 913 3162 acerbi.
1041 3106 1075 3155 ae

108 3179 201 3247 lnter
223 3184 338 3246 cuncta
358 3182 447 3268 leges
468 3184 501 3247 et
518 3182 749 3330 qercontabere
771 3181 898 3263 doctos,

110 3263 182 3340 Qua
202 3266 327 3331 ratione
348 3287 445 3351 queas
466 3269 517 3330 tra
538 3287 632 3331 uoere
653 3266 768 3331 leniter
789 3284 916 3346 aevum,

108 3347 200 3414 Num
220 3353 253 3414 te
274 3370 401 3434 semper
419 3349 514 3435 inops
535 3350 636 3436 agitet
658 3350 812 3432 vexetque
835 3345 964 3430 cupido,

108 3431 199 3498 Num
220 3455 321 3518 pavor
342 3437 375 3500 et
395 3454 501 3499 rerum
521 3434 724 3499 mediocriter
744 3432 871 3497 utilium
893 3432 981 3515 spes,

106 3514 272 3583 Virtutem
295 3517 439 3584 docmina
459 3521 550 3603 paret
569 3521 726 3584 naturane
748 3517 859 3599 donet,
1028 3527 1077 3576 100

874 3616 924 3670 w
