2610 4028
209 192 270 258 122
538 226 546 251 r
601 158 764 255 ¹urooou
1071 194 1173 267 [xvu

206 374 237 424 1⁶
266 360 379 427 Setosa
400 360 486 425 duris
508 380 622 424 exuere
666 359 780 423 ollibus

266 445 434 511 Laboriosi
455 444 592 530 remiges
661 443 667 456 '
691 443 721 507 ei

266 529 405 596 Volente
426 527 520 594 Circa
541 526 695 609 membra,
717 530 795 591 tuno
816 547 907 591 mens
929 529 961 590 et
982 547 1082 590 sonus

268 613 425 698 Relapsus
448 616 542 696 atque
563 614 660 676 notus
681 611 716 675 in
737 610 843 675 voltus
863 610 976 675 honor.

267 697 350 763 Dedi
373 697 451 763 setis
473 716 628 781 superque
649 716 825 780 poenarum
845 694 920 778 tibi,

204 796 238 844 2ο
269 783 388 847 Amata
408 782 515 847 nautis
537 780 673 847 multum
694 782 727 845 et
747 779 959 846 institoribus.

267 865 314 933 Fu
340 867 364 931 't
385 867 529 932 iuventas
551 868 585 929 et
605 863 799 929 verecundus
821 862 909 928 color

266 950 409 1034 Re1quit
428 971 484 1014 ora
504 949 589 1033 polle
610 947 727 1013 amicta
748 946 868 1031 lurida,

266 1032 344 1099 'luis
365 1034 501 1118 capillus
524 1032 615 1097 albus
638 1035 687 1097 est
708 1031 873 1114 odoribus,

266 1118 399 1184 Nullum
421 1117 463 1182 ab
484 1117 593 1182 labore
614 1137 665 1180 me
685 1116 821 1181 reclinat
842 1116 958 1199 otium3

202 1215 236 1266 26
267 1202 393 1287 Vrguet
413 1201 498 1266 diem
518 1222 582 1265 nox
604 1204 637 1265 et
657 1199 724 1264 dies
746 1203 888 1282 noctem,
910 1203 1046 1284 nequest

265 1286 384 1351 Levare
404 1289 495 1351 tenta
515 1285 629 1370 spiritu
648 1284 843 1369 praecordis.

265 1369 353 1456 Ergo
374 1373 528 1456 negatum
548 1370 659 1434 vincor
678 1372 717 1433 ut
737 1367 864 1433 credam
885 1368 998 1450 miser,

266 1453 393 1519 Sabelle
413 1457 524 1538 pectus
544 1454 709 1537 increpare
730 1453 873 1519 earmina
990 1530 992 1535 ,

267 1538 432 1636 Caputque
453 1538 561 1603 Marsa
582 1537 718 1603 dissilire
738 1536 845 1602 nenia.

202 1635 236 1686 so
268 1622 351 1698 de
372 1623 509 1707 amplius
530 1620 602 1686 vis?
629 1620 657 1686 0
679 1642 766 1686 mare
787 1624 820 1686 et
840 1625 938 1703 terra,
961 1618 1076 1705 ardeo,

266 1705 429 1782 Quantum
450 1727 551 1789 neque
573 1709 643 1770 atro
666 1705 824 1770 delibutus
845 1704 999 1769 Hercules

153 1838 157 1845 =
264 1790 362 1865 Nessi
383 1812 508 1872 eruore,
531 1810 590 1854 neo
612 1788 729 1855 Sicana
749 1789 871 1855 fervida

266 1873 382 1939 Virens
403 1875 438 1938 in
459 1873 567 1938 Aetna
586 1873 729 1958 flamma3
750 1876 801 1956 tu,
824 1872 925 1938 donee
947 1872 1027 1938 cinis

265 1957 432 2023 Iniuriosis
454 1956 560 2023 aridus
582 1958 686 2023 ventis
706 1958 804 2039 ferar,

202 2055 236 2106 35
269 2040 362 2107 Cales
383 2042 514 2108 venenis
536 2042 665 2107 officina
686 2040 856 2107 Colchicis.

266 2125 353 2203 Quae
375 2125 448 2190 finis
470 2128 526 2190 aut
547 2125 631 2210 quod
652 2147 704 2190 me
724 2129 833 2190 manet
853 2122 1076 2209 stipendiumi·

183 2227 186 2232 ’
264 2209 385 2295 Effare3
407 2211 510 2275 iussas
533 2231 605 2275 eum
626 2209 688 2275 fide
709 2230 829 2294 poenas
850 2210 960 2292 luam,‘

263 2294 398 2358 Paratus
420 2296 562 2379 expiare,
584 2315 641 2359 seu
661 2295 844 2377 poposceris

266 2377 402 2443 Centum
424 2379 590 2461 iuvencos,
613 2378 679 2444 sive
701 2378 846 2443 mendaci
868 2378 938 2460 lyra

201 2474 236 2524 to
265 2461 364 2527 Voles
387 2463 508 2528 sonari:
530 2465 567 2527 tu
593 2462 723 2547 pudica,
744 2465 781 2526 tu
801 2462 917 2546 proba,

264 2543 504 2610 Perambulabis
527 2549 613 2612 astra
634 2545 721 2611 sidus
743 2567 881 2611 aureum.

263 2628 397 2694 Infamis
419 2629 561 2695 Helenes
583 2629 698 2697 Castor
718 2630 858 2696 offensus
879 2630 947 2694 vice

263 2711 437 2797 l'raterque
457 2714 568 2801 magni
590 2713 749 2796 Castoris,
771 2714 847 2779 victi
867 2735 977 2798 prece,

263 2797 424 2882 Ademptu
444 2800 510 2863 vati
531 2797 695 2863 reddidere
716 2798 852 2862 lumina:

199 2892 233 2943 46
264 2880 309 2945 Et
328 2885 365 2945 tu
379 2919 421 2930 -
435 2887 538 2966 potes
548 2903 625 2947 nam
640 2920 684 2933 -
697 2882 784 2946 solve
805 2903 857 2947 me
878 2881 1059 2964 dementia,

264 2964 291 3030 0
313 2986 374 3030 nec
394 2967 535 3050 paternis
557 2967 702 3031 obsoleta
723 2965 869 3031 sordibus
875 3015 885 3048 ‚

261 3048 331 3114 Nec
351 3049 387 3113 in
408 3050 561 3134 sepulcris
583 3071 758 3135 pauperum
777 3049 917 3134 prudens
938 3069 1018 3113 auus

261 3131 477 3198 Nouendiales
499 3134 654 3219 dissipare
674 3134 832 3218 pulveres.

261 3214 335 3281 'libi
355 3216 514 3301 hospitale
535 3222 648 3303 peetus
669 3222 703 3284 et
722 3239 820 3302 purae
841 3238 954 3282 manus

198 3313 232 3361 eo
264 3299 412 3385 'suusque
433 3305 545 3368 venter
565 3302 782 3385 Pactumeius,
808 3305 842 3366 et
860 3303 917 3365 tuo

262 3382 382 3449 Cruorc
402 3386 517 3451 rubros
539 3386 696 3451 obstetrix
716 3407 841 3471 pannos
863 3385 957 3469 lavit,

260 3464 440 3553 Vtcumque
461 3469 555 3534 fortis
577 3470 685 3534 exsilis
706 3475 883 3555 puerpera’
