<?xml version="1.0" encoding="UTF-8"?>
<!DOCTYPE html PUBLIC "-//W3C//DTD XHTML 1.0 Transitional//EN"
    "http://www.w3.org/TR/xhtml1/DTD/xhtml1-transitional.dtd">
<html xmlns="http://www.w3.org/1999/xhtml" xml:lang="en" lang="en">
 <head>
  <title>
</title>
<meta http-equiv="Content-Type" content="text/html;charset=utf-8" />
  <meta name='ocr-system' content='tesseract 3.04.00' />
  <meta name='ocr-capabilities' content='ocr_page ocr_carea ocr_par ocr_line ocrx_word'/>
</head>
<body>
  <div class='ocr_page' id='page_1' title='image "./qhoratiiflacica00mlgoog_0176.png"; bbox 0 0 2600 4026; ppageno 0'>
   <div class='ocr_carea' id='block_1_1' title="bbox 499 226 690 285">
    <p class='ocr_par' dir='ltr' id='par_1_1' title="bbox 499 226 690 285">
     <span class='ocr_line' id='line_1_1' title="bbox 499 226 690 285; baseline 0.005 -1"><span class='ocrx_word' id='word_1_1' title='bbox 499 226 607 284; x_wconf 79' lang='lat' dir='ltr'>LIBER</span> <span class='ocrx_word' id='word_1_2' title='bbox 627 229 690 285; x_wconf 90' lang='lat' dir='ltr'><strong>llll.</strong></span> 
     </span>
    </p>
   </div>
   <div class='ocr_carea' id='block_1_2' title="bbox 167 388 908 708">
    <p class='ocr_par' dir='ltr' id='par_1_2' title="bbox 167 388 908 708">
     <span class='ocr_line' id='line_1_2' title="bbox 167 388 844 475; baseline 0.001 -20"><span class='ocrx_word' id='word_1_3' title='bbox 167 446 171 455; x_wconf 88' lang='lat'><em>.</em></span> <span class='ocrx_word' id='word_1_4' title='bbox 244 391 320 457; x_wconf 90' lang='lat' dir='ltr'><strong>Non</strong></span> <span class='ocrx_word' id='word_1_5' title='bbox 341 388 443 475; x_wconf 82' lang='lat' dir='ltr'><strong>hydra</strong></span> <span class='ocrx_word' id='word_1_6' title='bbox 463 395 550 456; x_wconf 89' lang='lat' dir='ltr'><strong>seoto</strong></span> <span class='ocrx_word' id='word_1_7' title='bbox 571 411 703 475; x_wconf 81' lang='lat' dir='ltr'><strong>corpore</strong></span> <span class='ocrx_word' id='word_1_8' title='bbox 723 390 844 456; x_wconf 80' lang='lat' dir='ltr'><strong>tirmior</strong></span> 
     </span>
     <span class='ocr_line' id='line_1_3' title="bbox 244 473 908 562; baseline -0.002 -21"><span class='ocrx_word' id='word_1_9' title='bbox 244 473 341 541; x_wconf 85' lang='lat' dir='ltr'>Vinci</span> <span class='ocrx_word' id='word_1_10' title='bbox 363 474 525 540; x_wconf 86' lang='lat' dir='ltr'><strong>dolentem</strong></span> <span class='ocrx_word' id='word_1_11' title='bbox 546 476 646 540; x_wconf 81' lang='lat' dir='ltr'><strong>erevit</strong></span> <span class='ocrx_word' id='word_1_12' title='bbox 666 476 702 539; x_wconf 90' lang='lat' dir='ltr'><strong>in</strong></span> <span class='ocrx_word' id='word_1_13' title='bbox 722 474 908 562; x_wconf 76' lang='lat' dir='ltr'>Herculem,</span> 
     </span>
     <span class='ocr_line' id='line_1_4' title="bbox 290 557 838 625; baseline 0 -1"><span class='ocrx_word' id='word_1_14' title='bbox 290 558 508 624; x_wconf 81' lang='lat' dir='ltr'><strong>Monstrumve</strong></span> <span class='ocrx_word' id='word_1_15' title='bbox 530 559 703 625; x_wconf 78' lang='lat' dir='ltr'>submisere</span> <span class='ocrx_word' id='word_1_16' title='bbox 725 557 838 624; x_wconf 78' lang='lat' dir='ltr'><strong>Oolelri</strong></span> 
     </span>
     <span class='ocr_line' id='line_1_5' title="bbox 333 641 831 708; baseline 0.002 -1"><span class='ocrx_word' id='word_1_17' title='bbox 333 642 437 708; x_wconf 92' lang='lat' dir='ltr'><strong>Maius</strong></span> <span class='ocrx_word' id='word_1_18' title='bbox 457 642 672 708; x_wconf 79' lang='lat' dir='ltr'><strong>Echioniaeve</strong></span> <span class='ocrx_word' id='word_1_19' title='bbox 694 641 831 708; x_wconf 77' lang='lat' dir='ltr'><strong>Thebae.</strong></span> 
     </span>
    </p>
   </div>
   <div class='ocr_carea' id='block_1_3' title="bbox 245 758 1081 1466">
    <p class='ocr_par' dir='ltr' id='par_1_3' title="bbox 245 758 1081 1466">
     <span class='ocr_line' id='line_1_6' title="bbox 251 758 1081 846; baseline -0.001 -20"><span class='ocrx_word' id='word_1_20' title='bbox 251 760 373 826; x_wconf 85' lang='lat' dir='ltr'><strong>Merses</strong></span> <span class='ocrx_word' id='word_1_21' title='bbox 394 759 568 844; x_wconf 85' lang='lat' dir='ltr'><strong>profundo:</strong></span> <span class='ocrx_word' id='word_1_22' title='bbox 590 758 754 843; x_wconf 80' lang='lat' dir='ltr'><strong>pulchrior</strong></span> <span class='ocrx_word' id='word_1_23' title='bbox 775 761 894 846; x_wconf 78' lang='lat' dir='ltr'><strong>evenit3</strong></span> <span class='ocrx_word' id='word_1_24' title='bbox 1048 775 1081 825; x_wconf 80' lang='lat' dir='ltr'><strong>oo</strong></span> 
     </span>
     <span class='ocr_line' id='line_1_7' title="bbox 245 843 852 930; baseline -0.002 -20"><span class='ocrx_word' id='word_1_25' title='bbox 245 843 393 910; x_wconf 69' lang='lat' dir='ltr'><strong>liuttere:</strong></span> <span class='ocrx_word' id='word_1_26' title='bbox 425 844 527 908; x_wconf 92' lang='lat' dir='ltr'><strong>multa</strong></span> <span class='ocrx_word' id='word_1_27' title='bbox 546 844 671 928; x_wconf 77' lang='lat' dir='ltr'><strong>proruit</strong></span> <span class='ocrx_word' id='word_1_28' title='bbox 690 844 852 930; x_wconf 76' lang='lat' dir='ltr'><strong>integrum</strong></span> 
     </span>
     <span class='ocr_line' id='line_1_8' title="bbox 292 927 828 1013; baseline -0.006 -18"><span class='ocrx_word' id='word_1_29' title='bbox 292 927 375 995; x_wconf 76' lang='lat' dir='ltr'><strong>(lum</strong></span> <span class='ocrx_word' id='word_1_30' title='bbox 395 927 488 993; x_wconf 87' lang='lat' dir='ltr'><strong>laude</strong></span> <span class='ocrx_word' id='word_1_31' title='bbox 508 928 661 992; x_wconf 80' lang='lat' dir='ltr'><strong>victorem</strong></span> <span class='ocrx_word' id='word_1_32' title='bbox 706 927 828 1013; x_wconf 84' lang='lat' dir='ltr'><strong>eritque</strong></span> 
     </span>
     <span class='ocr_line' id='line_1_9' title="bbox 333 949 857 1097; baseline 0 -20"><span class='ocrx_word' id='word_1_33' title='bbox 333 1012 461 1077; x_wconf 84' lang='lat' dir='ltr'><strong>Proelia</strong></span> <span class='ocrx_word' id='word_1_34' title='bbox 481 1012 669 1097; x_wconf 76' lang='lat' dir='ltr'><strong>coniugibus</strong></span> <span class='ocrx_word' id='word_1_35' title='bbox 682 949 857 1096; x_wconf 58' lang='lat' dir='ltr'><strong>loquenda.</strong></span> 
     </span>
     <span class='ocr_line' id='line_1_10' title="bbox 246 1129 839 1227; baseline -0.005 -30"><span class='ocrx_word' id='word_1_36' title='bbox 246 1129 433 1216; x_wconf 71' lang='lat' dir='ltr'>Carthagini</span> <span class='ocrx_word' id='word_1_37' title='bbox 453 1129 518 1197; x_wconf 87' lang='lat' dir='ltr'><strong>iam</strong></span> <span class='ocrx_word' id='word_1_38' title='bbox 539 1150 607 1194; x_wconf 89' lang='lat' dir='ltr'><strong>nou</strong></span> <span class='ocrx_word' id='word_1_39' title='bbox 627 1150 688 1227; x_wconf 72' lang='lat' dir='ltr'><strong>ego</strong></span> <span class='ocrx_word' id='word_1_40' title='bbox 708 1131 839 1195; x_wconf 87' lang='lat' dir='ltr'><strong>nuntios</strong></span> 
     </span>
     <span class='ocr_line' id='line_1_11' title="bbox 247 1211 862 1298; baseline -0.003 -18"><span class='ocrx_word' id='word_1_41' title='bbox 247 1213 375 1280; x_wconf 78' lang='lat' dir='ltr'>Mittam</span> <span class='ocrx_word' id='word_1_42' title='bbox 396 1214 562 1298; x_wconf 85' lang='lat' dir='ltr'><strong>superbos:</strong></span> <span class='ocrx_word' id='word_1_43' title='bbox 590 1211 722 1297; x_wconf 78' lang='lat' dir='ltr'><strong>oceidit,</strong></span> <span class='ocrx_word' id='word_1_44' title='bbox 744 1215 862 1279; x_wconf 82' lang='lat' dir='ltr'><strong>oceidit</strong></span> 
     </span>
     <span class='ocr_line' id='line_1_12' title="bbox 293 1297 826 1383; baseline -0.008 -18"><span class='ocrx_word' id='word_1_45' title='bbox 293 1297 372 1383; x_wconf 84' lang='lat' dir='ltr'><strong>Spes</strong></span> <span class='ocrx_word' id='word_1_46' title='bbox 394 1298 498 1363; x_wconf 87' lang='lat' dir='ltr'><strong>omnis</strong></span> <span class='ocrx_word' id='word_1_47' title='bbox 521 1299 554 1362; x_wconf 93' lang='lat' dir='ltr'><strong>et</strong></span> <span class='ocrx_word' id='word_1_48' title='bbox 573 1297 704 1362; x_wconf 83' lang='lat' dir='ltr'><strong>fortuna</strong></span> <span class='ocrx_word' id='word_1_49' title='bbox 723 1298 826 1361; x_wconf 83' lang='lat' dir='ltr'><strong>nostri</strong></span> 
     </span>
     <span class='ocr_line' id='line_1_13' title="bbox 334 1380 917 1466; baseline -0.002 -18"><span class='ocrx_word' id='word_1_50' title='bbox 334 1380 483 1448; x_wconf 85' lang='lat' dir='ltr'>Nominis</span> <span class='ocrx_word' id='word_1_51' title='bbox 497 1380 696 1446; x_wconf 69' lang='lat' dir='ltr'><strong>Hasdrubale</strong></span> <span class='ocrx_word' id='word_1_52' title='bbox 716 1380 917 1466; x_wconf 83' lang='lat' dir='ltr'><strong>interempto.</strong></span> 
     </span>
    </p>
   </div>
   <div class='ocr_carea' id='block_1_4' title="bbox 246 1497 898 1836">
    <p class='ocr_par' dir='ltr' id='par_1_4' title="bbox 246 1497 898 1836">
     <span class='ocr_line' id='line_1_14' title="bbox 246 1497 898 1583; baseline -0.008 -16"><span class='ocrx_word' id='word_1_53' title='bbox 246 1499 302 1567; x_wconf 89' lang='lat' dir='ltr'><strong>Nil</strong></span> <span class='ocrx_word' id='word_1_54' title='bbox 324 1497 474 1565; x_wconf 78' lang='lat' dir='ltr'><strong>Claudiae</strong></span> <span class='ocrx_word' id='word_1_55' title='bbox 493 1519 562 1563; x_wconf 86' lang='lat' dir='ltr'><strong>non</strong></span> <span class='ocrx_word' id='word_1_56' title='bbox 582 1498 751 1582; x_wconf 80' lang='lat' dir='ltr'><strong>perficiunt</strong></span> <span class='ocrx_word' id='word_1_57' title='bbox 770 1519 898 1583; x_wconf 82' lang='lat' dir='ltr'><strong>manus,</strong></span> 
     </span>
     <span class='ocr_line' id='line_1_15' title="bbox 249 1581 868 1668; baseline -0.003 -20"><span class='ocrx_word' id='word_1_58' title='bbox 249 1582 333 1660; x_wconf 78' lang='lat' dir='ltr'><strong>Quas</strong></span> <span class='ocrx_word' id='word_1_59' title='bbox 356 1588 389 1648; x_wconf 89' lang='lat' dir='ltr'><strong>et</strong></span> <span class='ocrx_word' id='word_1_60' title='bbox 408 1583 550 1668; x_wconf 75' lang='lat' dir='ltr'><strong>benigno</strong></span> <span class='ocrx_word' id='word_1_61' title='bbox 570 1583 702 1647; x_wconf 87' lang='lat' dir='ltr'><strong>numine</strong></span> <span class='ocrx_word' id='word_1_62' title='bbox 723 1581 868 1666; x_wconf 86' lang='lat' dir='ltr'><strong>Iuppiter</strong></span> 
     </span>
     <span class='ocr_line' id='line_1_16' title="bbox 293 1666 778 1764; baseline -0.002 -32"><span class='ocrx_word' id='word_1_63' title='bbox 293 1666 460 1764; x_wconf 69' lang='lat' dir='ltr'><strong>Defendit²</strong></span> <span class='ocrx_word' id='word_1_64' title='bbox 482 1669 515 1732; x_wconf 93' lang='lat' dir='ltr'><strong>et</strong></span> <span class='ocrx_word' id='word_1_65' title='bbox 535 1686 628 1732; x_wconf 88' lang='lat' dir='ltr'><strong>eurae</strong></span> <span class='ocrx_word' id='word_1_66' title='bbox 649 1687 778 1752; x_wconf 76' lang='lat' dir='ltr'><strong>sagaces</strong></span> 
     </span>
     <span class='ocr_line' id='line_1_17' title="bbox 334 1748 829 1836; baseline -0.004 -19"><span class='ocrx_word' id='word_1_67' title='bbox 334 1750 518 1836; x_wconf 80' lang='lat' dir='ltr'><strong>llxpedlunt</strong></span> <span class='ocrx_word' id='word_1_68' title='bbox 538 1772 596 1834; x_wconf 91' lang='lat' dir='ltr'><strong>per</strong></span> <span class='ocrx_word' id='word_1_69' title='bbox 617 1753 711 1816; x_wconf 78' lang='lat' dir='ltr'><strong>acuta</strong></span> <span class='ocrx_word' id='word_1_70' title='bbox 731 1748 829 1815; x_wconf 69' lang='lat' dir='ltr'><strong>belli?</strong></span> 
     </span>
    </p>
   </div>
   <div class='ocr_carea' id='block_1_5' title="bbox 524 1897 674 1906">
    <p class='ocr_par' dir='ltr' id='par_1_5' title="bbox 524 1897 674 1906">
     <span class='ocr_line' id='line_1_18' title="bbox 524 1897 674 1906; baseline 0 -1"><span class='ocrx_word' id='word_1_71' title='bbox 524 1897 674 1906; x_wconf 53' lang='grc'><strong>*-</strong></span> 
     </span>
    </p>
   </div>
   <div class='ocr_carea' id='block_1_6' title="bbox 573 2005 618 2081">
    <p class='ocr_par' dir='ltr' id='par_1_6' title="bbox 573 2005 618 2081">
     <span class='ocr_line' id='line_1_19' title="bbox 573 2005 618 2081; baseline 0.044 -2"><span class='ocrx_word' id='word_1_72' title='bbox 573 2005 618 2081; x_wconf 85' lang='lat' dir='ltr'><strong>V.</strong></span> 
     </span>
    </p>
   </div>
   <div class='ocr_carea' id='block_1_7' title="bbox 169 2137 964 2457">
    <p class='ocr_par' dir='ltr' id='par_1_7' title="bbox 245 2137 875 2221">
     <span class='ocr_line' id='line_1_20' title="bbox 245 2137 875 2221; baseline 0 -17"><span class='ocrx_word' id='word_1_73' title='bbox 245 2137 337 2205; x_wconf 79' lang='lat' dir='ltr'><strong>Divis</strong></span> <span class='ocrx_word' id='word_1_74' title='bbox 359 2141 427 2203; x_wconf 88' lang='lat' dir='ltr'><strong>orte</strong></span> <span class='ocrx_word' id='word_1_75' title='bbox 448 2138 542 2203; x_wconf 86' lang='lat' dir='ltr'><strong>bonis</strong></span> <span class='ocrx_word' id='word_1_76' title='bbox 580 2137 699 2221; x_wconf 91' lang='lat' dir='ltr'><strong>optime</strong></span> <span class='ocrx_word' id='word_1_77' title='bbox 720 2137 875 2204; x_wconf 85' lang='lat' dir='ltr'><strong>Romulae</strong></span> 
     </span>
    </p>

    <p class='ocr_par' dir='ltr' id='par_1_8' title="bbox 169 2186 964 2308">
     <span class='ocr_line' id='line_1_21' title="bbox 169 2186 964 2308; baseline -0.004 -19"><span class='ocrx_word' id='word_1_78' title='bbox 169 2240 175 2245; x_wconf 83' lang='lat'>&#39;</span> <span class='ocrx_word' id='word_1_79' title='bbox 217 2244 231 2251; x_wconf 73' lang='grc'><em>“</em></span> <span class='ocrx_word' id='word_1_80' title='bbox 246 2221 362 2289; x_wconf 72' lang='lat' dir='ltr'><strong>ossus</strong></span> <span class='ocrx_word' id='word_1_81' title='bbox 383 2223 505 2308; x_wconf 81' lang='lat' dir='ltr'><strong>gentis,</strong></span> <span class='ocrx_word' id='word_1_82' title='bbox 527 2186 603 2286; x_wconf 70' lang='lat' dir='ltr'><strong>alies</strong></span> <span class='ocrx_word' id='word_1_83' title='bbox 623 2221 688 2285; x_wconf 83' lang='lat' dir='ltr'><strong>iam</strong></span> <span class='ocrx_word' id='word_1_84' title='bbox 709 2222 844 2287; x_wconf 88' lang='lat' dir='ltr'><strong>nimium</strong></span> <span class='ocrx_word' id='word_1_85' title='bbox 866 2223 935 2307; x_wconf 80' lang='lat' dir='ltr'><strong>diu3</strong></span> <span class='ocrx_word' id='word_1_86' title='bbox 962 2264 964 2269; x_wconf 93' lang='lat'>-</span> 
     </span>
    </p>

    <p class='ocr_par' dir='ltr' id='par_1_9' title="bbox 246 2305 894 2457">
     <span class='ocr_line' id='line_1_22' title="bbox 246 2305 894 2390; baseline -0.002 -18"><span class='ocrx_word' id='word_1_87' title='bbox 246 2306 407 2372; x_wconf 78' lang='lat' dir='ltr'><strong>Matinum</strong></span> <span class='ocrx_word' id='word_1_88' title='bbox 427 2305 563 2371; x_wconf 87' lang='lat' dir='ltr'><strong>reditum</strong></span> <span class='ocrx_word' id='word_1_89' title='bbox 585 2305 746 2389; x_wconf 73' lang='lat' dir='ltr'><strong>pollicitus</strong></span> <span class='ocrx_word' id='word_1_90' title='bbox 767 2309 894 2390; x_wconf 87' lang='lat' dir='ltr'><strong>patrum</strong></span> 
     </span>
     <span class='ocr_line' id='line_1_23' title="bbox 293 2389 666 2457; baseline -0.008 0"><span class='ocrx_word' id='word_1_91' title='bbox 293 2389 410 2457; x_wconf 81' lang='lat' dir='ltr'><strong>Sancto</strong></span> <span class='ocrx_word' id='word_1_92' title='bbox 432 2390 568 2456; x_wconf 81' lang='lat' dir='ltr'><strong>oonsilio</strong></span> <span class='ocrx_word' id='word_1_93' title='bbox 588 2389 666 2455; x_wconf 90' lang='lat' dir='ltr'><strong>redi.</strong></span> 
     </span>
    </p>
   </div>
   <div class='ocr_carea' id='block_1_8' title="bbox 245 2506 954 2825">
    <p class='ocr_par' dir='ltr' id='par_1_10' title="bbox 246 2506 954 2591">
     <span class='ocr_line' id='line_1_24' title="bbox 246 2506 954 2591; baseline -0.001 -17"><span class='ocrx_word' id='word_1_94' title='bbox 246 2506 364 2574; x_wconf 87' lang='lat' dir='ltr'><strong>Lueem</strong></span> <span class='ocrx_word' id='word_1_95' title='bbox 384 2507 480 2572; x_wconf 87' lang='lat' dir='ltr'><strong>redde</strong></span> <span class='ocrx_word' id='word_1_96' title='bbox 501 2510 589 2591; x_wconf 86' lang='lat' dir='ltr'><strong>tuae,</strong></span> <span class='ocrx_word' id='word_1_97' title='bbox 612 2507 675 2572; x_wconf 84' lang='lat' dir='ltr'><strong>dux</strong></span> <span class='ocrx_word' id='word_1_98' title='bbox 695 2506 795 2590; x_wconf 87' lang='lat' dir='ltr'><strong>bone,</strong></span> <span class='ocrx_word' id='word_1_99' title='bbox 816 2508 954 2591; x_wconf 77' lang='lat' dir='ltr'><strong>patriae:</strong></span> 
     </span>
    </p>

    <p class='ocr_par' dir='ltr' id='par_1_11' title="bbox 245 2589 858 2657">
     <span class='ocr_line' id='line_1_25' title="bbox 245 2589 858 2657; baseline -0.002 0"><span class='ocrx_word' id='word_1_100' title='bbox 245 2589 352 2657; x_wconf 85' lang='lat' dir='ltr'><strong>Instar</strong></span> <span class='ocrx_word' id='word_1_101' title='bbox 371 2592 454 2657; x_wconf 86' lang='lat' dir='ltr'><strong>veris</strong></span> <span class='ocrx_word' id='word_1_102' title='bbox 477 2592 562 2656; x_wconf 87' lang='lat' dir='ltr'><strong>euim</strong></span> <span class='ocrx_word' id='word_1_103' title='bbox 582 2591 687 2656; x_wconf 85' lang='lat' dir='ltr'><strong>voltus</strong></span> <span class='ocrx_word' id='word_1_104' title='bbox 708 2591 764 2655; x_wconf 91' lang='lat' dir='ltr'><strong>ubi</strong></span> <span class='ocrx_word' id='word_1_105' title='bbox 784 2594 858 2656; x_wconf 90' lang='lat' dir='ltr'><strong>tuus</strong></span> 
     </span>
    </p>

    <p class='ocr_par' dir='ltr' id='par_1_12' title="bbox 245 2674 931 2825">
     <span class='ocr_line' id='line_1_26' title="bbox 245 2674 931 2763; baseline 0 -24"><span class='ocrx_word' id='word_1_106' title='bbox 245 2676 390 2742; x_wconf 88' lang='lat' dir='ltr'><strong>Adfulsit</strong></span> <span class='ocrx_word' id='word_1_107' title='bbox 409 2675 544 2760; x_wconf 89' lang='lat' dir='ltr'><strong>populo,</strong></span> <span class='ocrx_word' id='word_1_108' title='bbox 566 2675 687 2761; x_wconf 77' lang='lat' dir='ltr'><strong>gratior</strong></span> <span class='ocrx_word' id='word_1_109' title='bbox 707 2675 734 2739; x_wconf 90' lang='lat' dir='ltr'><strong>it</strong></span> <span class='ocrx_word' id='word_1_110' title='bbox 755 2674 822 2739; x_wconf 91' lang='lat' dir='ltr'><strong>dies</strong></span> <span class='ocrx_word' id='word_1_111' title='bbox 919 2748 931 2763; x_wconf 25' lang='lat' dir='ltr'>s</span> 
     </span>
     <span class='ocr_line' id='line_1_27' title="bbox 290 2758 915 2825; baseline -0.003 -1"><span class='ocrx_word' id='word_1_112' title='bbox 290 2758 337 2824; x_wconf 79' lang='lat' dir='ltr'><strong>Et</strong></span> <span class='ocrx_word' id='word_1_113' title='bbox 357 2760 440 2825; x_wconf 90' lang='lat' dir='ltr'><strong>soles</strong></span> <span class='ocrx_word' id='word_1_114' title='bbox 461 2759 574 2825; x_wconf 89' lang='lat' dir='ltr'><strong>melius</strong></span> <span class='ocrx_word' id='word_1_115' title='bbox 594 2759 709 2824; x_wconf 89' lang='lat' dir='ltr'><strong>nitent.</strong></span> <span class='ocrx_word' id='word_1_116' title='bbox 811 2790 815 2799; x_wconf 43' lang='grc' dir='ltr'><strong><em>ι</em></strong></span> <span class='ocrx_word' id='word_1_117' title='bbox 910 2762 915 2769; x_wconf 84' lang='grc'><strong>’</strong></span> 
     </span>
    </p>
   </div>
   <div class='ocr_carea' id='block_1_9' title="bbox 245 2874 965 3213">
    <p class='ocr_par' dir='ltr' id='par_1_13' title="bbox 245 2874 965 2961">
     <span class='ocr_line' id='line_1_28' title="bbox 245 2874 965 2961; baseline 0.001 -20"><span class='ocrx_word' id='word_1_118' title='bbox 245 2874 291 2941; x_wconf 86' lang='lat' dir='ltr'><strong>Vt</strong></span> <span class='ocrx_word' id='word_1_119' title='bbox 310 2880 412 2942; x_wconf 87' lang='lat' dir='ltr'><strong>mater</strong></span> <span class='ocrx_word' id='word_1_120' title='bbox 432 2877 593 2961; x_wconf 82' lang='lat' dir='ltr'><strong>iuvenem,</strong></span> <span class='ocrx_word' id='word_1_121' title='bbox 616 2899 709 2961; x_wconf 89' lang='lat' dir='ltr'><strong>quem</strong></span> <span class='ocrx_word' id='word_1_122' title='bbox 730 2875 763 2941; x_wconf 91' lang='lat' dir='ltr'>N</span> <span class='ocrx_word' id='word_1_123' title='bbox 856 2877 965 2942; x_wconf 80' lang='lat' dir='ltr'><strong>invido</strong></span> 
     </span>
    </p>

    <p class='ocr_par' dir='ltr' id='par_1_14' title="bbox 246 2959 914 3046">
     <span class='ocr_line' id='line_1_29' title="bbox 246 2959 914 3046; baseline -0.001 -21"><span class='ocrx_word' id='word_1_124' title='bbox 246 2960 339 3027; x_wconf 86' lang='lat' dir='ltr'><strong>Flatu</strong></span> <span class='ocrx_word' id='word_1_125' title='bbox 352 2959 526 3046; x_wconf 60' lang='grc' dir='ltr'><strong>ιΟανρειὴἰιὶἰ</strong></span> <span class='ocrx_word' id='word_1_126' title='bbox 547 2965 636 3026; x_wconf 87' lang='lat' dir='ltr'><strong>trans</strong></span> <span class='ocrx_word' id='word_1_127' title='bbox 657 2961 755 3026; x_wconf 86' lang='lat' dir='ltr'><strong>maris</strong></span> <span class='ocrx_word' id='word_1_128' title='bbox 777 2980 914 3044; x_wconf 87' lang='lat' dir='ltr'><strong>aequora</strong></span> 
     </span>
    </p>

    <p class='ocr_par' dir='ltr' id='par_1_15' title="bbox 247 3042 859 3213">
     <span class='ocr_line' id='line_1_30' title="bbox 247 3042 859 3131; baseline -0.002 -22"><span class='ocrx_word' id='word_1_129' title='bbox 247 3042 458 3110; x_wconf 78' lang='lat' dir='ltr'><strong>Cunctantem</strong></span> <span class='ocrx_word' id='word_1_130' title='bbox 479 3046 582 3129; x_wconf 88' lang='lat' dir='ltr'><strong>spatio</strong></span> <span class='ocrx_word' id='word_1_131' title='bbox 604 3046 732 3131; x_wconf 80' lang='lat' dir='ltr'><strong>longius</strong></span> <span class='ocrx_word' id='word_1_132' title='bbox 753 3065 859 3110; x_wconf 88' lang='lat' dir='ltr'><strong>annuo</strong></span> 
     </span>
     <span class='ocr_line' id='line_1_31' title="bbox 291 3126 714 3213; baseline 0.002 -20"><span class='ocrx_word' id='word_1_133' title='bbox 291 3126 387 3194; x_wconf 86' lang='lat' dir='ltr'><strong>Duloi</strong></span> <span class='ocrx_word' id='word_1_134' title='bbox 409 3130 541 3195; x_wconf 89' lang='lat' dir='ltr'><strong>distinet</strong></span> <span class='ocrx_word' id='word_1_135' title='bbox 562 3152 581 3194; x_wconf 99' lang='lat' dir='ltr'><strong>a</strong></span> <span class='ocrx_word' id='word_1_136' title='bbox 602 3130 714 3213; x_wconf 84' lang='lat' dir='ltr'><strong>domo,</strong></span> 
     </span>
    </p>
   </div>
   <div class='ocr_carea' id='block_1_10' title="bbox 245 3243 934 3396">
    <p class='ocr_par' dir='ltr' id='par_1_16' title="bbox 245 3243 934 3396">
     <span class='ocr_line' id='line_1_32' title="bbox 245 3243 934 3331; baseline 0 -21"><span class='ocrx_word' id='word_1_137' title='bbox 245 3243 341 3310; x_wconf 86' lang='lat' dir='ltr'><strong>Votis</strong></span> <span class='ocrx_word' id='word_1_138' title='bbox 362 3246 583 3331; x_wconf 77' lang='lat' dir='ltr'><strong>ominibusque</strong></span> <span class='ocrx_word' id='word_1_139' title='bbox 605 3249 638 3313; x_wconf 92' lang='lat' dir='ltr'><strong>et</strong></span> <span class='ocrx_word' id='word_1_140' title='bbox 658 3247 804 3330; x_wconf 79' lang='lat' dir='ltr'><strong>precibus</strong></span> <span class='ocrx_word' id='word_1_141' title='bbox 826 3249 934 3329; x_wconf 82' lang='lat' dir='ltr'><strong>vocat,</strong></span> 
     </span>
     <span class='ocr_line' id='line_1_33' title="bbox 246 3328 855 3396; baseline 0 -2"><span class='ocrx_word' id='word_1_142' title='bbox 246 3328 348 3394; x_wconf 74' lang='lat' dir='ltr'><strong>Curvo</strong></span> <span class='ocrx_word' id='word_1_143' title='bbox 370 3353 430 3396; x_wconf 88' lang='lat' dir='ltr'><strong>neo</strong></span> <span class='ocrx_word' id='word_1_144' title='bbox 450 3330 565 3396; x_wconf 84' lang='lat' dir='ltr'><strong>faeiem</strong></span> <span class='ocrx_word' id='word_1_145' title='bbox 585 3331 679 3396; x_wconf 91' lang='lat' dir='ltr'><strong>litore</strong></span> <span class='ocrx_word' id='word_1_146' title='bbox 700 3331 855 3396; x_wconf 79' lang='lat' dir='ltr'><strong>dimovet:</strong></span> 
     </span>
    </p>
   </div>
   <div class='ocr_carea' id='block_1_11' title="bbox 246 3410 744 3582">
    <p class='ocr_par' dir='ltr' id='par_1_17' title="bbox 246 3410 744 3582">
     <span class='ocr_line' id='line_1_34' title="bbox 246 3410 735 3480; baseline 0.002 -3"><span class='ocrx_word' id='word_1_147' title='bbox 246 3410 299 3478; x_wconf 76' lang='lat' dir='ltr'><strong>sie</strong></span> <span class='ocrx_word' id='word_1_148' title='bbox 320 3414 483 3480; x_wconf 83' lang='lat' dir='ltr'><strong>desideriis</strong></span> <span class='ocrx_word' id='word_1_149' title='bbox 504 3415 570 3480; x_wconf 87' lang='lat' dir='ltr'><strong>ieta</strong></span> <span class='ocrx_word' id='word_1_150' title='bbox 589 3415 735 3480; x_wconf 86' lang='lat' dir='ltr'><strong>fidelibus</strong></span> 
     </span>
     <span class='ocr_line' id='line_1_35' title="bbox 292 3496 744 3582; baseline -0.002 -19"><span class='ocrx_word' id='word_1_151' title='bbox 292 3496 422 3572; x_wconf 78' lang='lat' dir='ltr'><strong>Quaerit</strong></span> <span class='ocrx_word' id='word_1_152' title='bbox 442 3499 547 3582; x_wconf 87' lang='lat' dir='ltr'><strong>patria</strong></span> <span class='ocrx_word' id='word_1_153' title='bbox 568 3498 744 3565; x_wconf 78' lang='lat' dir='ltr'><strong>Gaesarem.</strong></span> 
     </span>
    </p>
   </div>
   <div class='ocr_carea' id='block_1_12' title="bbox 0 0 1307 4026">
    <p class='ocr_par' dir='ltr' id='par_1_18' title="bbox 0 0 1307 4026">
     <span class='ocr_line' id='line_1_36' title="bbox 0 0 1307 4026; baseline 0 0"><span class='ocrx_word' id='word_1_154' title='bbox 0 0 1307 4026; x_wconf 95' lang='lat' dir='ltr'><strong> </strong></span> 
     </span>
    </p>
   </div>
  </div>
 </body>
</html>
