2610 4028
139 253 246 326 xvup

564 253 679 309 LIBER.

250 414 344 490 ‘Quid
365 415 520 481 obseratis
542 415 671 479 auribus
693 415 800 480 frmdis
822 414 954 499 preces?

248 498 325 564 Non
347 520 424 563 saxa
444 499 538 563 nudis
560 499 705 563 surdiora
726 500 842 564 navitis
1175 548 1177 553 -

247 582 298 647 Ne
320 585 418 649 tunus
440 584 505 647 alto
526 583 633 647 tundit
654 583 806 648 hibernus
828 583 906 649 salo.
1074 596 1107 646 55

248 666 288 730 In
358 688 373 731 s
395 670 431 731 ut
450 670 487 730 tu
508 667 615 732 riseris
638 665 685 732 Co
750 668 781 733 ia

248 750 299 816 Vc
356 754 403 834 ts,
427 773 551 815 sacrum
573 751 665 816 liberi
686 670 868 835 tdriiridinis,

248 834 293 900 Et
344 836 473 920 squiliui
518 835 639 901 cntifex
661 836 793 900 venefici

247 918 373 1004 Inpune
394 923 430 983 ut
450 857 571 984 Vrtem
592 919 722 984 nomine
743 920 874 1003 inpleris
897 920 991 985 meo?

249 1002 333 1078 Quid
353 1002 504 1088 proderat
525 1003 644 1071 ditasse
665 1003 836 1090 Paelignas
859 1026 952 1088 anns,

248 1086 437 1152 Velociusve
459 1088 623 1153 miscuisse
644 1088 807 1153 toxicum?

249 1170 312 1237 Sed
333 1172 473 1236 tardiora
493 1171 561 1236 fata
581 1176 614 1236 te
634 1173 718 1236 votis
739 1175 883 1238 manent·

248 1254 381 1341 Ingrata
402 1256 518 1321 misero
540 1256 606 1320 vita
627 1256 801 1321 ducendast
821 1257 856 1321 in
876 1222 954 1340 lroc,

248 1339 350 1406 Novis
372 1344 527 1424 utusque
550 1343 700 1424 suppetas
722 1340 894 1405 laboribus.

249 1422 348 1508 Optat
391 1425 507 1489 uietem
528 1424 655 1508 Pelopis
677 1424 768 1488 infidi
788 1427 892 1508 pater,

247 1507 357 1593 Egens
418 1510 537 1594 nignae
558 1508 712 1573 Tantalus
734 1529 802 1573 sem
824 1529 859 1571 er
880 1506 985 1591 dapis,

249 1591 349 1676 Optat
368 1592 577 1658 Prometheus
599 1593 759 1678 obligatas
781 1530 865 1675 aliti,

246 1676 350 1760 Optat
371 1699 519 1761 supremo
541 1678 696 1742 collocare
719 1675 753 1742 si
812 1676 873 1740 hus

247 1760 288 1826 In
309 1765 419 1826 monte
440 1783 565 1846 saxum3
589 1761 645 1826 sed
665 1763 776 1826 vetant
810 1781 883 1847 eges
905 1759 1000 1825 Iovis.

247 1843 347 1909 Voles
369 1843 464 1910 modo
486 1846 559 1910 altis
581 1845 707 1911 desilire
729 1845 883 1928 turribus,

247 1928 346 1994 Modo
369 1951 443 1995 ense
464 1933 575 2013 pectus
596 1930 716 1996 Norico
737 1929 914 2011 recludere,

248 2012 440 2098 Frustraque
459 2014 566 2079 vincla
586 2014 709 2100 gutturi
729 2018 838 2079 nectes
859 2017 930 2096 tuo,

247 2096 427 2164 Fastidiose
446 2097 547 2162 tristis
569 2098 775 2183 aegrimonia.

247 2181 409 2247 Vectabor
429 2183 546 2247 umeris
566 2185 644 2246 tunc
666 2203 726 2267 ego
749 2180 886 2245 inimicis
909 2200 1020 2264 eques,

247 2265 402 2351 Meaeque
423 2269 508 2331 terra
529 2265 620 2331 cedet
640 2265 838 2330 insolentiae.

247 2351 304 2414 An
324 2371 405 2434 quae
426 2372 552 2415 movere
575 2371 681 2415 cereas
702 2350 874 2434 imagines,

248 2432 294 2498 Vt
314 2435 383 2518 ipse
403 2435 489 2500 nosti
510 2435 667 2518 curiosus,
691 2437 723 2498 et
742 2434 818 2517 polo

246 2516 399 2614 Deripere
421 2518 544 2583 Lunam
565 2519 695 2584 vocibus
716 2517 837 2603 possim
857 2518 951 2600 meis,

247 2600 374 2669 Possun
396 2606 551 2668 crematos
572 2603 709 2668 excitare
731 2606 872 2667 mortuos

248 2683 456 2770 Desiderique
475 2690 652 2771 temperare
673 2687 803 2772 pocula,

247 2766 375 2835 Plorem
398 2772 475 2836 artis
497 2772 532 2835 in
551 2775 585 2836 te
606 2772 654 2835 nil
675 2771 800 2857 agentis
822 2768 976 2844 exitum‘l'
