2558 4022
128 237 188 310 ur]
526 238 689 295 rursu.
1028 232 1091 299 033

127 399 298 484 Respicere
320 401 482 486 exemplar
501 401 587 465 ritae
608 421 795 486 morumque
817 400 932 468 iubebo

127 482 267 549 Doctum
288 485 498 569 imitatorem,
520 487 553 550 03
573 485 662 550 vivas
683 485 759 551 hinc
781 485 894 552 ducere
916 505 1019 553 voees.

127 568 292 633 Interdum
314 570 458 653 speciosa
480 569 558 635 locis
579 573 764 655 morataque
784 573 869 636 recte

126 651 250 718 Fabula
269 652 389 719 nullius
410 654 550 736 veneris,
573 654 641 719 sine
706 654 803 719 ndere
825 657 858 719 et
878 658 960 739 arte,
1041 667 1092 718 330

127 736 260 803 Veldius
282 738 421 804 oblectet
440 738 595 823 populum
616 759 668 804 me
683 738 791 823 'usque
811 742 968 822 moratur,

128 820 232 897 Quam
252 843 362 887 versus
384 823 497 907 inopes
518 844 624 888 rerum
645 844 812 908 nugaeque
834 843 978 888 canorae.

128 905 222 970 Grais
243 906 423 991 ingenium,
450 906 544 973 Grais
566 906 653 972 dedit
674 928 729 972 ore
751 906 888 972 rotundo

127 988 222 1056 Musa
241 990 343 1075 loqui,
365 993 492 1075 praeter
511 992 637 1056 laudem
657 992 778 1056 nullius
798 992 911 1057 avaris.

126 1073 376 1172 Romani-pueri
397 1076 503 1162 longis
523 1075 701 1140 redonibus
724 1098 828 1141 assem
1039 1087 1091 1139 335

127 1156 266 1224 Discunt
286 1182 322 1223 m
342 1162 448 1243 partes
470 1162 598 1226 centurn
621 1159 779 1226 diducere.
821 1159 929 1227 ‘Dicat

128 1242 229 1309 Filius
251 1243 380 1308 Albini:
407 1245 435 1311 si
455 1243 495 1309 de
516 1245 693 1329 quincunce
714 1247 868 1311 remotest

126 1326 240 1411 Vncia,
252 1326 328 1412 quid
339 1328 489 1412 superat?
500 1327 633 1393 Poteras
644 1328 782 1405 dixisse'.
796 1328 942 1395 ‘Triens'
955 1328 1031 1396 ‘nur

126 1410 208 1475 Rem
221 1413 342 1497 poteris
357 1434 482 1478 servare
501 1416 599 1477 tumn.
627 1412 725 1477 Redit
737 1413 841 1497 uncia,
865 1413 941 1498 quid
955 1414 1025 1478 fit?

101 1576 103 1581 Δ
129 1494 265 1561 ‘Samia'
302 1497 348 1562 At
367 1495 446 1562 haec
467 1497 592 1563 animos
613 1518 730 1587 aerugo
753 1500 787 1562 et
807 1518 882 1562 cura
903 1499 1007 1581 peculi
1039 1511 1090 1561 330

128 1577 210 1647 eum
231 1581 329 1645 semel
350 1581 514 1665 imbuerit,
537 1603 701 1666 speramus
723 1581 864 1647 carmina
883 1581 965 1667 fingi

127 1662 226 1730 Posse
248 1664 377 1729 linenda
398 1665 491 1730 cedro
514 1668 546 1730 03
567 1666 630 1730 levi
651 1665 806 1731 servanda
827 1664 999 1751 cupresso?

169 1749 237 1813 Aut
257 1747 408 1833 prodesse
424 1750 549 1834 volunt,
571 1752 628 1814 eut
647 1749 803 1815 delectere
823 1753 949 1835 poetae,

127 1833 195 1896 Aut
216 1833 311 1896 simul
333 1836 366 1898 03
384 1833 522 1899 iucunda
543 1837 577 1898 et
597 1835 712 1899 idonea
733 1834 837 1899 dicere
858 1835 953 1900 vitee.

129 1915 288 2001 Quidquid
309 1919 499 2002 praecipies,
521 1921 589 1983 esto
612 1919 731 2000 brevis,
753 1922 790 1984 ut
811 1919 875 1984 cito
898 1919 982 1984 dicte
1040 1931 1090 1983 333

127 2000 311 2084 Percipient
331 2002 431 2065 animi
454 2001 573 2066 dociles
595 2006 788 2086 teneantque
808 2003 931 2068 fideles:

129 2084 232 2150 Omne
253 2106 481 2170 supervacuum
501 2086 598 2170 pleno
620 2086 808 2170 depectere
830 2091 949 2154 manat.
1057 2140 1064 2154 „

128 2168 220 2234 Ficta
240 2170 415 2254 voluptatis
435 2191 531 2235 00000
553 2171 618 2235 sint
638 2171 783 2253 proxima
803 2172 903 2253 veris,

127 2253 179 2318 Ne
200 2252 357 2338 quodcum
380 2276 419 2318 ue
440 2254 526 2319 volet
546 2258 658 2339 poseat
678 2254 740 2318 sibi
760 2254 868 2320 iebule
888 2255 987 2338 credi,

125 2336 201 2403 Neu
221 2359 356 2422 pransae
397 2339 498 2403 amiae
511 2340 619 2403 virum
636 2359 770 2423 puerum
784 2338 929 2404 extrahat
943 2340 1024 2404 alvo,
1040 2353 1090 2402 340

130 2423 296 2487 centuriae
318 2422 479 2487 seniorum
501 2424 627 2508 agitant
648 2423 789 2507 expertia
809 2423 912 2508 frugis
918 2472 927 2506 ,

129 2505 214 2576 Celsi
235 2509 439 2591 praetereunt
459 2511 591 2605 austera·
606 2510 756 2592 poemata
776 2506 953 2573 Rhamnes:

12 2632 13 2677 ,
129 2589 233 2656 Omne
252 2591 328 2655 tulit
347 2594 515 2676 punctum,
539 2613 593 2676 qur
613 2592 742 2658 miscuit
763 2591 840 2657 utile
863 2591 963 2676 dulci,

12 2762 13 2767 ’
128 2758 191 2825 Η30
212 2763 313 2825 meret
334 2781 407 2824 aera
427 2761 509 2825 liber

12 2736 14 2747 ,
128 2674 295 2740 Lectorem
316 2674 500 2741 delectando
548 2677 705 2759 ariterque
726 2676 895 2741 mouendo.

524 2699 646 2845 Ι300330,
668 2758 721 2825 hic
743 2763 775 2825 et
795 2782 882 2825 mare
903 2762 1021 2826 transit
1041 2770 1090 2825 340

12 2854 13 2859 ’
127 2843 326 2928 erlongus
347 2847 425 2910 noto
448 2844 595 2929 scriptori
615 2847 770 2942 prorogat
788 2866 911 2909 aevum.

129 2927 212 2994 Sunt
232 2927 347 2993 delicta
368 2933 491 3011 temen,
513 2928 626 3012 quibus
647 2928 659 2992 i
683 2950 809 2993 novisse
831 2928 979 2996 velimus:

127 3012 159 3078 N
161 3035 212 3077 um
226 3032 329 3097 neque
341 3012 458 3077 chorda
469 3031 583 3077 sonum
597 2951 710 3096 3031033,
725 3035 819 3162 qqem
832 3013 901 3079 vult
915 3036 1028 3080 manus

735 3120 752 3162 e
786 3120 878 3163 mens

127 3180 339 3266 Poscentique
360 3203 491 3267 gravem
510 3203 662 3266 persaepe
683 3183 818 3249 remittit
834 3148 982 3266 scritum,

128 3263 159 3331 N
161 3286 197 3330 ec
212 3287 337 3349 semper
351 3266 458 3348 feriet,
479 3264 698 3350 quodcumque
712 3267 901 3349 minabitur,
923 3289 1025 3333 arcus.
1042 3281 1093 3332 330

128 3348 248 3416 Verum
264 3350 321 3414 ubi
334 3351 427 3433 plura
435 3350 539 3414 nitent
553 3349 588 3413 in
601 3351 750 3434 carmine,
765 3371 832 3415 non
843 3371 902 3434 ego
918 3353 1027 3436 paucis

130 3432 280 3498 Offendar
300 3434 448 3516 maculis,
473 3454 552 3518 quas
574 3438 629 3498 aut
650 3435 772 3498 incuria
793 3434 877 3499 indit

129 3519 196 3582 Aut
216 3517 355 3585 humana
376 3541 490 3603 parum
511 3519 594 3583 cavit
614 3521 738 3584 natura.
783 3518 867 3594 Quid
889 3520 1018 3606 ergoet?
