2570 4022
506 209 719 269 PRAEFATIO.
1001 209 1095 265 XXIII

193 387 230 444 11,
247 369 277 442 2,
296 369 335 428 17
358 318 584 444 redditumtyri
603 374 674 430 solio
694 371 856 429 Phraaten.
892 366 1028 430 Omnino
1049 370 1094 428 iu·

126 453 200 514 diae
222 452 381 532 euphonia
403 462 469 514 erat
483 453 694 532 reeipIendum
715 463 746 514 et
758 454 810 514 hie
831 462 863 514 et
884 453 1094 533 ep.1,12‚27

125 538 318 613 Phrahatee3
342 556 435 618 quam
448 538 602 617 potissimi
622 539 737 617 qquue
752 538 873 601 oodieea
893 547 1020 601 tuentur
1034 538 1094 596 for·

125 641 220 682 mam.
264 621 369 701 Atque
390 622 434 683 ita
456 622 559 701 priore
579 622 647 683 loeo
669 621 824 685 Kellerue.

192 705 242 766 Ib.
266 707 322 779 23,
347 706 387 764 24
408 712 541 783 quisquis
560 712 692 783 inuentae
714 711 798 766 oculo
820 712 959 767 inretorto
982 714 1095 781 spectat

125 807 264 850 acervos.
292 789 437 850 Tibullus
451 790 506 851 lib.
522 809 535 850 1
551 787 594 867 [1‚
613 785 668 870 77]
692 790 768 871 ‘ego
790 809 849 853 eon
873 792 950 851 oeito
971 810 1095 853 eeourue

125 877 272 936 acervo’.
303 874 450 935 Similiter
471 875 564 936 etiam
577 875 722 938 Lucanus
743 874 798 939 lib.
813 893 833 935 v
849 808 935 954 leot,
952 871 1007 952 53]
1032 874 1094 933 ‘in-

128 978 246 1019 venere
272 959 398 1038 quidem
422 959 555 1041 apoliote
588 960 722 1039 plurima
748 960 864 1020 munde
885 958 1037 1021 bellorum
1063 960 1096 1017 iu

125 1051 270 1122 sumptue
282 1051 439 1119 aenaeetae
450 1046 585 1118 pondera
599 1044 743 1104 maseae’.
781 1043 975 1124 Quamquam
996 1044 1095 1103 faten-

127 1128 204 1187 dum
226 1127 271 1187 ibi
293 1129 430 1207 quinque
450 1128 591 1189 versibus
613 1136 686 1190 ante
706 1137 739 1190 et
761 1128 880 1189 duobus
902 1136 972 1208 post
994 1148 1095 1188 oeeur·

128 1231 198 1273 rere
221 1212 290 1273 auri
303 1210 496 1275 vocabulum.
527 1210 708 1292 ‘Quisquis'
731 1214 809 1275 aiout
823 1213 979 1285 hocloco,
1004 1214 1097 1273 etiam

128 1297 209 1357 aliae
232 1292 304 1374 [ιηἱ
325 1296 379 1369 24,
402 1292 457 1375 25]
481 1294 624 1357 adhibuit
644 1297 773 1358 Flaeaue
796 1297 832 1358 ὀ
853 1298 991 1378 quiaquia
1013 1297 1097 1359 volet

129 1379 262 1459 inpiaa',
286 1378 340 1440 ubi
361 1380 440 1441 male
462 1380 623 1442 Bentleiua
646 1381 731 1460 ‘quie
754 1381 850 1461 quie'.

194 1483 235 1537 11,
260 1466 293 1536 6,
318 1464 337 1523 5
358 1483 425 1544 sqq.
452 1467 542 1525 Tibur
563 1468 658 1543 Arato
679 1470 808 1541 positum
829 1470 930 1526 colono
958 1472 995 1525 sil
1015 1483 1098 1526 meaa

130 1552 216 1609 aedes
237 1554 346 1607 atinam
367 1558 520 1622 senectae,
545 1555 581 1609 eit
602 1553 703 1609 modae
721 1554 803 1610 laeso
824 1556 915 1609 marta
936 1559 964 1609 et
985 1556 1098 1609 viarum

128 1636 317 1709 militiaeque.
360 1631 427 1692 ‘Sit
449 1632 573 1693 domue'
602 1633 831 1715 Peerleampiua
860 1643 891 1694 et
911 1633 1097 1694 Meinekiua.
1168 1690 1171 1695 .

131 1717 198 1778 Sed
219 1717 349 1795 languet
369 1716 448 1777 illud
470 1717 602 1777 ‘domus'
625 1726 752 1798 propter
773 1714 995 1792 ταυτολογὶαν.
1023 1717 1097 1778 Fer·

130 1822 197 1863 rem
224 1802 292 1861 sine
319 1801 492 1862 offensione
518 1811 553 1863 ut
579 1811 654 1882 puta
684 1803 747 1864 tale
781 1804 838 1863 ‘sit
866 1803 956 1865 eedee
985 1812 1017 1862 et
1045 1803 1097 1863 do·

130 1884 226 1958 mue',
254 1895 290 1946 ut
316 1905 410 1966 saepe
436 1886 548 1947 similia
574 1884 658 1947 alibi.
701 1886 746 1948 At
773 1886 915 1968 displicet
940 1888 1100 1949 mirificum

131 1972 165 2030 in
187 1969 311 2031 modum
332 1970 415 2030 idem
437 1969 544 2032 addita
565 1965 768 2052 ἐπαναφορᾷ,
792 1980 941 2051 neeputo
963 1971 1096 2032 toleran-

130 2055 207 2115 dum
234 2055 271 2114 iu
297 2056 431 2116 carmine
458 2056 638 2134 praesertim
664 2056 784 2117 melico.
835 2054 967 2116 Firmari
996 2066 1099 2116 autem

132 2139 292 2218 vulgatam
312 2159 404 2199 versu
425 2139 540 2200 Avieni
563 2136 676 2219 [deser.
699 2141 765 2200 orb.
790 2138 865 2220 100]
897 2141 964 2200 ‘hio
990 2141 1099 2201 modus

132 2231 181 2283 eet
196 2221 277 2283 orbis
293 2220 430 2284 Gaddir'
452 2224 572 2304 pridem
588 2225 678 2285 docui
694 2220 740 2302 [d.
755 2245 780 2283 r.
795 2244 835 2282 m.
853 2218 939 2302 157}
968 2222 1011 2282 Et
1032 2225 1098 2305 ipae

131 2304 280 2369 Horatius
308 2309 390 2369 infra
417 2306 522 2369 ‘nulla
544 2310 655 2369 certior
674 2318 778 2369 tamen
800 2308 919 2387 rapacis
943 2305 1016 2367 Orci
1036 2308 1098 2368 fine

133 2392 289 2452 destinata
310 2393 381 2452 aula
404 2391 528 2454 divitem
550 2395 683 2454 manet'.

196 2494 231 2550 11,
249 2479 277 2549 6,
295 2477 334 2536 18
357 2485 385 2535 et
400 2482 511 2537 amicae
525 2480 618 2539 Aulon
631 2478 727 2552 fertili
740 2478 870 2537 Baccho.
902 2475 1036 2538 Omnino
1052 2497 1098 2538 re·

132 2560 309 2640 oipiendam
324 2562 495 2623 existimavi
508 2561 547 2623 N.
559 2561 684 2622 Heineii
698 2562 905 2623 coniecturam
920 2562 1099 2623 ‘amiotus'z

130 2644 273 2706 Bacchus
302 2647 385 2709 enim
411 2646 463 2705 hie
490 2665 546 2727 pro
573 2647 638 2706 vite
665 2646 764 2707 dietus
790 2654 826 2706 ut
850 2665 960 2726 saepe3
989 2647 1099 2709 fertIlia

132 2739 238 2790 autem
257 2730 330 2788 vitia
356 2739 392 2790 at
419 2730 493 2791 alibi
516 2729 697 2792 ‘Sardiniae
718 2738 839 2810 segetes
861 2731 1006 2792 feraeea’.
1049 2731 1100 2790 Ita

133 2813 219 2894 apud
240 2812 367 2875 Florum
387 2832 414 2887 1,
439 2817 477 2873 11
502 2814 551 2876 ed.
574 2814 602 2875 I.
625 2835 693 2875 oum
717 2813 797 2875 libro
823 2815 1015 2888 Plaetoriano,
1045 2816 1100 2894 qui

132 2898 290 2977 proximus
304 2897 443 2958 bonitate
459 2906 506 2961 est
519 2899 751 2979 Bambergenai,
774 2897 943 2978 legendum
958 2900 1098 2960 existimo

132 2983 204 3043 ‘hio
225 2983 328 3043 amicti
349 2983 463 3043 vitibua
484 2991 617 3057 montes,
641 3001 707 3044 uon
728 2981 863 3057 ‘amiei',
887 2984 921 3044 id
936 2984 1019 3063 quod
1033 2985 1099 3064 pla·

131 3068 198 3127 enit
209 3064 425 3147 Kellerosqui
438 3068 542 3129 attulit
555 3068 639 3128 hune
651 3069 765 3128 laeum.
792 3067 908 3130 Contra
922 3068 1001 3129 illud
1015 3068 1100 3148 quod

131 3151 350 3231 reponendum
381 3171 450 3213 oeae
475 3161 652 3214 statuerunt
676 3152 838 3213 Bentleiua
867 3161 897 3214 et
922 3153 1099 3213 Meinekiae

129 3235 407 3315 εερτίοιωΑηκηι,
430 3237 541 3298 fertilia
556 3236 697 3299 Baoeho'
718 3246 846 3319 propter
867 3237 1013 3317 geminati
1035 3238 1099 3315 epi·

128 3321 211 3381 theti
233 3321 457 3400 inelegantiam
477 3322 553 3382 mihi
575 3322 700 3402 quidem
720 3341 785 3381 non
806 3320 964 3401 probatur.

195 3423 231 3479 11,
249 3406 277 3479 8,
296 3407 315 3464 2
338 3406 467 3478 Barim,
490 3405 637 3466 ‘Garine'
660 3406 703 3465 M.
733 3404 880 3466 Videuda
901 3413 1004 3463 tamen
1018 3422 1099 3484 quae

130 3489 212 3550 dixit
233 3490 274 3552 de
297 3491 422 3551 nomine
443 3489 497 3551 illo
512 3491 669 3552 Veeuerus
691 3510 767 3550 mua.
790 3489 878 3549 rhen.
900 3506 1004 3562 mut,
1026 3488 1099 3549 341.
