2570 4022
199 176 287 231 LXVI
588 173 764 230 LIBELLVS

200 355 311 414 poema
330 354 394 394 m
414 333 557 394 binorum
583 353 726 394 versuum
747 335 920 413 systematis
943 334 1161 402 distinxerunt.

199 420 281 480 Nam
301 420 356 478 tali
370 410 465 479 metro
488 426 585 478 totum
597 417 708 477 librum
723 419 845 477 tertium
860 417 1035 498 Sapphonis
1058 422 1161 503 dispo·

200 505 292 564 situm
312 504 409 563 fuisse
431 524 450 562 a
472 502 675 582 grammaticis
697 502 918 562 Alexandrinis
940 513 988 564 sat
1009 517 1139 578 constat,

265 587 327 648 Sed
348 587 510 661 Horatius,
537 587 612 646 mihi
639 585 763 665 quidem
789 594 824 645 ut
844 587 980 664 videtur,
1011 600 1163 671 quotquot

200 672 306 733 intulit
318 673 417 753 lyrica
430 680 527 732 metra
540 670 640 743 Latio,
662 669 771 731 Alcaei
785 670 976 749 potissimum
989 673 1161 738 imitatione

199 758 335 829 novavit,
357 764 393 816 ut
413 754 589 834 Sapphonis
611 755 783 834 exemplum
803 755 854 814 vel
868 753 1074 818 Anacreontis
1095 781 1160 820 non

199 842 280 901 ultra
300 841 442 900 flosculos
455 840 507 899 hic
520 839 585 898 illic
607 857 646 899 ex
666 830 851 899 cirminibus
874 858 979 900 eorum
1000 853 1161 924 excerptos

198 925 425 1006 repraesentari
445 923 484 984 ab
506 942 543 983 eo
565 942 744 1002 persuasum
756 922 897 984 habeam.
927 924 994 984 Nee
1016 926 1162 990 abhorret

198 1033 217 1071 a
238 1028 312 1071 vero
334 1007 486 1090 quaedam
507 1016 621 1067 novata
642 1007 681 1067 ab
703 1009 784 1086 ipso,
808 1027 876 1067 cum
897 1011 1076 1087 praesertim
1096 1033 1159 1072 ma·

197 1115 261 1174 gna
282 1114 352 1155 eum
372 1092 514 1153 libertate
535 1093 569 1151 in
583 1092 714 1170 siugulis
735 1091 873 1152 versibus
894 1094 1090 1171 popularium
1111 1098 1160 1156 in·

197 1180 289 1258 genio
316 1177 460 1257 aptandis
480 1196 570 1236 usum
597 1195 663 1236 esse
689 1185 846 1256 appareat.
889 1175 940 1238 De
962 1197 1022 1258 qua
1043 1199 1077 1240 re
1098 1182 1160 1241 iam

134 1325 138 1331 ,
197 1284 265 1323 cum
287 1282 360 1323 cura
380 1261 559 1321 videndum.

259 1346 395 1426 Itaque
432 1366 510 1406 oum
547 1344 689 1406 Graeci
728 1344 847 1425 lyrici
882 1344 920 1405 in
955 1344 1039 1406 basi
1073 1369 1157 1409 ver·

195 1451 301 1492 suum
322 1429 944 1511 glyconeorumpherecrateorum
965 1431 1157 1512 asclepia-

197 1516 349 1577 deorum
376 1534 453 1576 cum
487 1514 669 1574 trochaeo
697 1514 909 1594 principali
936 1516 1158 1594 promiscue

195 1600 472 1660 adhibuissent
493 1606 530 1659 et
550 1597 762 1678 spondeum
777 1607 814 1658 ct
833 1598 1045 1676 aliquan-do
1064 1601 1156 1661 iam·

194 1683 278 1743 bum
300 1693 337 1745 et
358 1684 580 1744 voluissent
600 1683 755 1762 primam
778 1691 814 1742 et
835 1683 1007 1761 quintam
1033 1685 1157 1764 sylla-

193 1768 521 1829 bamalcaiocrum
535 1766 1070 1848 quartamquesappbicorum
1091 1788 1155 1827 au-

194 1853 352 1931 cipitem
384 1852 464 1913 sive
496 1861 536 1912 ut
567 1861 718 1912 veteres
747 1850 883 1910 dixere
911 1871 1155 1928 communem,

192 1937 355 1998 Flaccus
388 1937 512 1996 omnia
546 1936 699 1996 firmata
731 1934 915 2014 spondeis
947 1933 1014 1995 sub
1046 1955 1155 1996 seve-

192 2023 329 2081 riorem
349 2021 471 2100 legem
491 2021 699 2082 revocavit.
736 2018 946 2079 Praeterea
962 2021 1155 2083 cumidem

192 2125 386 2180 caesuras,
410 2124 503 2185 quas
517 2103 760 2185 longioribus
776 2103 867 2163 addi
881 2104 1015 2163 metris
1031 2105 1153 2165 inter·

192 2199 249 2251 est
284 2190 520 2269 elegantiae,
558 2208 674 2268 saepe
709 2187 939 2248 habuissent
973 2188 1151 2267 insuper,

190 2275 374 2334 Horatius
401 2272 578 2336 versibus
604 2272 782 2332 undecim
808 2271 1043 2350 syllabarum
1070 2274 1154 2334 sive

189 2360 366 2437 plurium,
390 2356 663 2438 spurcissimis
686 2364 724 2416 et
744 2358 808 2415 vix
823 2355 952 2435 dignis
974 2359 1154 2417 memoria

190 2442 377 2520 exemplis
399 2444 432 2500 si
453 2441 677 2513 recesseris,
700 2459 850 2518 semper
869 2440 995 2500 voluit
1017 2439 1153 2501 adesse

189 2523 1153 2604 incisionemfixamcertamqueRhythmosetiam

188 2608 324 2688 pedum
339 2618 427 2669 ante
442 2609 544 2668 fines
568 2608 715 2668 ordinis
736 2610 885 2669 metrici
906 2608 976 2668 hoc
998 2610 1153 2670 estsive

187 2703 278 2754 ante
300 2712 492 2754 caesuram
513 2693 594 2754 sive
620 2693 659 2753 in
682 2695 787 2753 exitu
808 2695 918 2753 metri
940 2693 1152 2772 positorum

121 2792 124 2796 ’
188 2778 418 2856 diligentius
440 2779 611 2838 servavit
634 2777 807 2851 Graecis,
839 2785 877 2836 at
897 2776 1062 2836 liberius
1085 2776 1149 2838 Se·

186 2881 280 2922 neca
301 2862 514 2942 etreliquis
537 2862 783 2944 classicorum
806 2862 1152 2941 quitemporecum

185 2954 273 3005 sunt
293 2946 474 3017 insecuti.
516 2946 648 3026 Neque
675 2947 773 3007 enim
800 2946 914 3004 nimis
941 2965 1026 3005 raro
1051 2945 1150 3005 locis

183 3050 279 3108 ,quos
308 3030 389 3091 dixi
409 3029 679 3110 monosyllaba
706 3027 1034 3108 praecedentibus
1062 3030 1150 3109 plus

185 3134 292 3194 quam
312 3116 591 3196 monosyllabis
614 3114 795 3174 admittit.

246 3198 313 3258 Iam
339 3201 516 3279 priusquam
542 3199 664 3277 singula
685 3216 919 3278 persequamur,
952 3197 991 3258 de
1019 3197 1149 3259 elisione

183 3282 283 3360 qualis
305 3284 338 3342 in
359 3285 475 3344 melicis
498 3282 635 3345 eiusdem
657 3280 777 3342 obtinet
798 3301 896 3361 pauca
916 3282 1083 3343 monenda.

245 3366 299 3426 Ac
325 3365 482 3446 primum
510 3364 661 3446 quidem
692 3375 734 3426 ut
765 3368 839 3426 iam
869 3386 984 3446 supra
1016 3386 1073 3444 pg.
1100 3385 1148 3425 nx

182 3452 390 3512 monuimus
413 3453 527 3530 longe
550 3450 676 3511 rarius
706 3460 743 3512 et
764 3452 907 3511 maiore
928 3450 1045 3511 multo
1069 3469 1149 3513 cum
