2570 4022
2 186 4 245 ³
128 233 187 305 va]
456 223 459 226 ’
533 222 684 288 anana

3 458 4 461 ,
128 394 222 565 βξ
243 393 381 459 Martem
402 393 511 459 tunica
532 396 652 459 tectum
674 393 877 459 adamantina

165 480 173 578 ζ
219 501 236 544 c
260 479 322 543 scri
345 479 436 563 serit,
459 481 514 542 aut
534 477 664 562 pulvere
684 477 801 543 Troico

2 520 4 615 t
128 563 163 630 N
327 563 475 645 erionen,
498 565 554 628 aut
575 583 594 626 0
617 584 635 627 e
656 561 795 627 Palladis
1063 575 1093 624 15

163 586 320 732 fflen
341 647 463 732 superis
484 584 628 734 peremi]

129 765 200 831 Nos
215 765 378 847 convivia,
399 786 460 829 nos
480 765 602 848 proelia
623 764 783 851 virginum

132 848 234 914 Sectis
257 850 293 914 in
314 848 443 914 iuvenes
464 849 625 934 unguibus
647 849 767 913 acrium

130 933 322 1016 Cantemus,
343 933 449 1017 vacui,
472 933 538 998 sive
581 933 637 998 uid
657 933 792 1019 urimur,

173 1017 250 1084 Non
270 1020 397 1103 praeter
418 1018 547 1083 solitum
560 955 664 1083 ieves.

572 1274 641 1348 VH

130 1406 325 1472 Laudabunt
344 1407 400 1472 alii
422 1408 541 1472 claram
561 1406 714 1489 Rhodon,
737 1410 792 1472 aut
812 1406 1003 1492 Mitylenen,

173 1493 243 1556 Aut
262 1490 431 1576 Epheson,
454 1492 623 1557 bimarisve
646 1490 793 1557 Corinthi

130 1575 277 1658 Moenia,
299 1576 350 1640 vel
363 1575 491 1642 Baccho
507 1575 633 1640 Thebas
655 1576 706 1640 vel
721 1575 873 1659 Apolline
887 1573 1030 1659 Delphos

174 1658 339 1745 Insignes,
362 1664 417 1725 aut
437 1659 591 1731 Thessala
612 1659 740 1744 Tempe.

130 1775 215 1842 Sunt
225 1777 340 1860 quibus
349 1799 448 1843 unum
460 1799 540 1863 opus
549 1781 606 1861 eat,
621 1779 761 1843 intactae
771 1777 910 1842 Palladis
920 1778 1031 1842 urbem
1077 1791 1094 1839 5

176 1860 326 1927 Carmine
347 1865 500 1949 perpetuo
523 1862 682 1928 celebrare
704 1865 737 1926 et

2 1972 3 1983 ²
131 1945 281 2029 Vndique
303 1944 484 2031 decerptam
505 1947 606 2012 fronti
627 1968 822 2031 praeponere
845 1946 969 2011 olivam.

175 2029 337 2094 Plurimus
357 2031 393 2096 in
413 2030 547 2097 Iunonis
567 2031 689 2096 honore

131 2149 257 2233 Aptum
278 2147 362 2213 dicet
382 2149 471 2233 equis
492 2150 599 2235 Argos
622 2148 764 2232 ditesque
785 2147 946 2232 Mycenas.

175 2231 397 2297 Menestam
417 2233 543 2318 patiens
565 2232 783 2298 Lacedaemon
1063 2245 1097 2295 ιο

131 2316 204 2382 Nec
224 2319 291 2380 tam
312 2316 440 2382 Larisae
484 2318 618 2383 ercussit
639 2338 769 2401 campus
792 2316 932 2400 opimae,

177 2399 281 2477 Quam
303 2401 414 2467 domus
436 2340 602 2468 athenae
623 2401 804 2466 resonantis

130 2518 178 2584 Et
220 2540 350 2604 raecops
371 2519 457 2584 Anio
480 2542 517 2584 ac
537 2519 671 2585 {librani
691 2519 781 2585 lucus
803 2522 836 2584 et
856 2518 919 2584 uda

212 2604 350 2669 obilibus
370 2604 515 2688 pomaria
535 2604 621 2670 rivis,

131 2687 236 2752 Albus
258 2691 295 2752 ut
315 2688 450 2754 obscuro
473 2689 617 2775 deterget
636 2689 748 2753 nubila
770 2688 858 2753 caelo
1063 2700 1096 2750 15

177 2770 278 2857 Saepe
299 2772 420 2857 Notus,
443 2795 503 2839 nec
523 2774 661 2858 parturit
681 2774 800 2838 imbres

130 2889 178 2956 Pe
218 2894 307 2977 etuo;
330 2891 377 2957 sic
397 2894 434 2955 tu
456 2892 582 2976 sapiens
603 2892 695 2957 finire
716 2888 876 2955 memento

222 2975 353 3040 'stitiam
374 2976 519 3061 vitaeque
541 2977 665 3040 iabores

129 3058 240 3142 Molli,
261 3059 394 3144 Plance,
417 3081 521 3144 mero,
546 3082 602 3125 seu
622 3063 654 3124 te
675 3059 833 3144 fulgentia
854 3059 955 3145 signis

176 3141 290 3209 Castra
309 3148 423 3208 tenent
444 3167 500 3211 seu
522 3144 621 3210 densa
640 3144 763 3209 tenebit
1063 3155 1098 3202 ao

130 3260 259 3326 Tiburis
281 3262 396 3327 umbra
416 3264 473 3335 tui.
518 3261 639 3328 Teucer
660 3260 822 3326 Salamina
846 3262 1032 3345 patremque

2 3394 3 3397 η
176 3343 258 3410 cum
278 3347 419 3432 fugeret,
441 3350 552 3412 tamen
572 3347 636 3412 uda
656 3345 762 3429 Lyaeo

2 3482 3 3485 ,
129 3428 290 3513 Tempora
310 3432 448 3516 populea
469 3433 570 3498 fertur
591 3431 731 3495 vinxisse
753 3449 886 3502 corona.

176 3512 358 3580 sacrista
380 3516 504 3582 adfatus
525 3516 660 3583 amicos:
804 3528 807 3533 ’

2 3900 191 3997 rna
