2558 4022
174 231 238 301 238
523 235 780 294 unsrvnsuvn
1078 237 1143 310 [un

238 399 284 465 Vt
305 398 441 496 scriptor
462 397 490 464 si
510 401 622 483 peccet
641 398 727 465 idem
748 400 896 466 librarius
918 420 1034 484 usque,

174 497 224 549 855
239 483 389 560 Quamus
405 485 454 549 est
474 484 615 549 monitus
620 532 630 566 ,
652 485 745 549 venia
759 488 859 570 caret3
883 489 919 551 ut
936 484 1140 553 citharoedus

237 567 385 651 Ridetur,
408 566 527 634 chorda
570 568 603 633 ui
624 589 749 653 semper
768 569 899 635 oberrat
920 569 1045 637 eadem:

216 660 220 665 ’
238 651 290 718 Sic
311 651 405 734 mihi,
427 652 482 736 qui
503 590 639 718 multum
661 656 778 737 cessat,
800 653 836 719 fit
857 652 1024 720 Choerilus
1046 653 1115 737 ille,

237 737 338 813 Quem
360 737 408 802 bis
429 740 517 802 terve
538 738 658 802 bonum
680 758 752 803 oum
771 738 840 803 risu
860 738 972 820 miror,
999 741 1031 803 et
1052 737 1139 805 idem

156 844 164 867 ⁷
235 820 391 907 Indignor
412 822 601 906 quandoque
621 821 725 887 bonus
746 821 898 887 dormitat
918 820 1086 886 Homerus.

172 918 224 970 000
238 905 358 971 Verum
379 906 469 992 operi
490 906 588 991 longo
611 905 659 970 fas
680 909 731 970 est
751 906 904 990 obrepere
925 927 1081 973 somnum.

235 990 280 1056 Vt
300 991 425 1075 pictura
445 991 566 1075 poesis:
589 991 649 1055 erit
670 1012 764 1075 quae,
787 990 814 1057 si
833 991 965 1088 propius
987 993 1067 1073 stes,

235 1075 281 1140 Te
303 1075 407 1159 capiat
426 1075 546 1159 magis,
570 1077 603 1138 et
624 1075 791 1159 quaedam,
820 1096 848 1139 s1
870 1075 902 1145 lo
952 1075 998 1141 'us
1019 1074 1137 1141 abstes.

235 1158 324 1223 Haec
345 1161 433 1223 amat
448 1158 632 1236 obscurum3
654 1159 743 1225 volet
762 1158 841 1225 haec
855 1160 914 1223 sub
948 1180 1005 1225 uce
1023 1158 1137 1243 videri,

234 1242 353 1308 Iudicis
374 1244 522 1328 argutum
544 1264 625 1327 quae
645 1264 711 1309 non
732 1242 885 1309 formidat
905 1264 1052 1327 acumen3

171 1341 221 1392 300
236 1327 324 1392 Haeo
340 1327 463 1425 placuit
483 1329 596 1410 semel,
618 1327 697 1393 haec
712 1327 817 1393 decies
830 1328 965 1412 repetita
983 1326 1135 1413 placebit.

235 1411 262 1478 0
284 1433 385 1476 maror
406 1412 571 1494 iuvenum,
593 1411 737 1495 quamvis
759 1416 791 1477 et
812 1432 889 1478 voce
909 1414 1044 1495 patema

234 1496 296 1561 Fin
319 1496 381 1561 eris
396 1495 437 1560 ad
450 1501 571 1561 rectum
586 1500 619 1560 et
630 1518 689 1580 per
702 1499 734 1560 te
747 1496 848 1580 sapis,
862 1495 925 1562 hoc
938 1494 998 1560 tibi
1013 1495 1136 1560 dictum

234 1519 324 1645 Tolle
345 1602 480 1663 memor,
504 1580 598 1646 certis
619 1579 757 1647 medium
778 1583 810 1645 et
829 1580 998 1645 tolerabile
1016 1580 1111 1645 rebus

233 1664 332 1730 Recte
354 1665 500 1730 consedi:
522 1665 686 1731 consultus
707 1664 785 1729 iuris
807 1668 841 1730 et
861 1667 950 1730 actor

170 1762 221 1812 370
236 1748 410 1814 Causarum
431 1749 599 1814 mediocris
621 1750 712 1814 abest
732 1749 848 1814 virtute
870 1748 980 1815 diserti

233 1832 417 1916 Messallae,
438 1853 498 1897 nec
519 1834 582 1897 soit
602 1837 755 1917 quantum
775 1832 949 1899 Cascellius
971 1832 1089 1915 Aulus,

234 1915 296 1982 Sed
316 1920 424 1981 tamen
445 1916 480 1981 in
500 1918 649 2002 pretiost3
671 1917 883 1985 mediocribus
905 1938 974 1983 esse
995 1918 1100 2000 poetis

232 2000 308 2066 Non
328 1999 488 2083 homines,
509 2021 577 2065 non
599 2001 647 2084 di,
668 2023 735 2066 non
750 2022 933 2067 concessere
954 2001 1133 2069 colmanne.

232 2082 278 2149 Vt
297 2088 406 2170 gratas
427 2086 512 2150 inter
529 2104 658 2151 mensas
680 2086 870 2169 symphonia
891 2085 1011 2151 discors

169 2182 219 2232 375
232 2168 277 2233 Et
288 2191 428 2235 crassum
439 2173 638 2254 unguentum
652 2173 684 2234 et
695 2169 794 2235 Sardo
806 2191 878 2235 oum
889 2170 983 2235 melle
993 2190 1135 2253 papaver

233 2253 421 2337 Offendunt,
443 2257 569 2337 poterat
588 2253 660 2319 duci
681 2255 757 2338 quin
778 2276 856 2319 cena
877 2255 946 2319 sine
967 2254 1054 2319 istis:

232 2337 285 2402 Sic
307 2339 422 2402 animis
444 2341 555 2402 natum
575 2338 802 2423 inventumque
828 2359 943 2422 poema
969 2337 1133 2421 iuvandis,

232 2420 266 2487 Si
310 2423 429 2487 nullum
451 2443 575 2487 summo
598 2421 748 2507 decessit,
769 2423 874 2508 vergit
895 2422 935 2487 ad
955 2421 1065 2487 imum.

176 2520 178 2523 ’
230 2445 352 2570 Ludere
375 2507 429 2590 qui
449 2508 567 2590 nescit,
588 2506 819 2592 campestribus
835 2507 975 2573 abstinet
995 2505 1110 2590 armis,

167 2602 218 2653 080
232 2589 446 2674 Indoctusque
466 2590 551 2674 pilae
572 2591 690 2656 discive
710 2591 854 2656 trochive
875 2589 1024 2675 quiescit,

230 2672 281 2739 Ne
303 2675 424 2758 spissae
444 2675 545 2739 risum
566 2675 682 2740 tollant
702 2676 822 2759 inpune
845 2695 996 2741 coronae:

231 2757 293 2834 Qui
313 2759 417 2824 nescit
436 2781 545 2824 versus
566 2762 676 2824 tamen
696 2760 792 2825 audet
811 2757 953 2843 fingere?
987 2756 1132 2834 Quidni?

229 2841 324 2907 Liber
346 2846 378 2908 et
397 2844 570 2928 ingenuus,
592 2844 780 2927 praesertim
802 2862 915 2908 census
937 2845 1119 2924 equestrem

230 2926 393 2991 Summam
413 2948 631 3011 nummorum,
654 2927 794 3011 vitioque
810 2930 952 2992 remotus
974 2925 1014 2990 ab
1030 2927 1131 2991 omni.

166 3022 216 3072 385
232 3009 280 3073 Tu
301 3009 383 3073 nihil
404 3010 504 3074 invita
526 3011 611 3076 dices
632 3011 770 3076 faciesve
791 3011 950 3094 Minerva,

229 3092 267 3157 Id
288 3092 348 3157 tibi
369 3092 565 3178 iudiciumst,
592 3116 631 3160 ea
651 3117 756 3160 mens·
789 3093 892 3180 siquid
919 3097 1029 3159 tamen
1050 3094 1132 3159 olim
1199 3114 1202 3119 ·

230 3177 414 3262 scripseris,
439 3178 475 3243 in
495 3179 598 3244 naec
620 3146 791 3245 descendat
810 3179 924 3244 sussen
945 3198 1037 3243 aues

229 3260 273 3326 hlt
282 3262 382 3345 patris
393 3266 426 3327 et
434 3267 572 3345 nostras,
586 3284 707 3328 nonum
729 3285 770 3329 ue
780 3267 943 3348 prematur
953 3262 988 3328 in
998 3283 1133 3348 wnum,

228 3343 423 3411 Membranis
444 3347 530 3413 intus
551 3347 681 3432 positis3
704 3285 809 3413 delere
830 3347 954 3429 licebit,

164 3440 216 3490 000
231 3428 323 3504 Quod
344 3451 411 3495 non
433 3430 583 3517 edideris3
605 3431 708 3495 nescit
729 3453 791 3496 vox
811 3431 910 3497 missa
930 3431 1059 3495 reverti.

228 3512 396 3578 Silvestres
418 3513 564 3579 homines
587 3536 674 3579 sacer
695 3516 915 3600 interpresque
935 3513 1067 3579 deorum
