2558 4022
192 234 252 301 198
548 240 804 298 urrsuvmnvu
1064 244 1154 316 [vm.

251 403 309 469 Nil
323 402 432 469 audire
446 403 552 485 velim,
573 402 621 468 nil
641 401 772 487 discere,
795 404 880 487 quod
901 404 986 469 levet
1000 426 1148 492 aegrum3

252 486 340 553 Ilidis
362 486 505 552 offender
525 482 673 571 medicis,
694 487 815 552 irescm
835 488 962 572 amicis,

190 584 223 633 10
254 571 321 637 Gur
340 593 392 636 me
411 571 540 636 funesto
561 575 735 656 properent
755 593 862 637 arcere
883 576 1029 659 vetern03

252 655 340 732 Quae
352 676 488 722 nocuere
499 675 622 739 sequar,
636 656 760 740 fugiam
775 677 854 739 quoe
868 658 998 805 Erolore
1008 658 1150 745 credsm3

250 739 373 805 Romee
394 738 493 804 Tibur
514 760 617 804 amem
638 742 806 823 ventosus,
828 739 868 804 Τι’
889 762 946 805 ure
966 740 1113 808 Romam.

250 823 330 889 Post
349 823 444 908 boec,
465 827 502 889 ut
521 824 639 907 valeat,
661 844 724 907 quo
745 826 840 909 puoto
854 845 923 889 rem
943 829 1036 910 geret
1049 830 1083 891 et
1103 847 1149 910 se,

250 906 297 973 Vt
340 908 443 973 lsceet
463 908 583 991 iuveni,
605 910 808 992 percontere,
830 911 928 993 utque
950 908 1084 976 cohorti.

189 1006 221 1056 15
253 991 288 1056 Si
309 930 394 1057 dicet
415 994 545 1089 ‘recteg
561 993 700 1075 primum
720 992 874 1091 gaudere,
895 993 1029 1058 subinde

250 1075 459 1160 Praeceptum
479 1075 628 1140 cunculis
648 1075 710 1141 hoc
731 1076 888 1141 instillare
908 1081 1086 1143 memento:

250 1159 296 1224 Vt
314 1162 351 1223 tu
371 1160 548 1244 fortunam,
571 1159 618 1225 sic
638 1180 699 1225 nos
720 1163 768 1244 te,
791 1160 899 1244 Celso,
921 1160 1070 1226 feremus.

592 1349 742 1360 ...n-...-

607 1534 722 1611 VIIIL

250 1666 437 1751 Septimius,
460 1666 590 1748 Claudi,
612 1665 764 1731 nimirum
785 1665 946 1752 intellegit
965 1688 1063 1750 unus,

249 1751 368 1826 Quanti
388 1772 440 1815 me
461 1750 576 1816 facies:
597 1772 675 1815 nam
689 1772 762 1816 eum
775 1754 870 1836 roget
884 1754 916 1815 et
936 1771 1031 1836 prece
1045 1751 1147 1836 cogit,

249 1834 378 1899 Scilicet
397 1837 435 1899 ut
454 1834 515 1899 tibi
536 1855 570 1899 se
592 1834 720 1903 laudare
741 1837 774 1901 et
794 1834 920 1899 tedere
941 1855 1053 1918 coner,

248 1916 392 2003 Dignum
401 1920 509 1982 mente
526 1917 684 2002 domoque
701 1919 838 2015 legentis
849 1918 985 1983 honeste
995 1918 1146 2002 Neronis,
1270 1928 1271 1987 l

199 2015 216 2063 s
247 2002 380 2067 Munere
401 2024 475 2067 oum
494 2001 588 2088 fungi
607 2002 767 2087 propioris
789 2005 898 2067 censet
919 2002 1027 2087 amici3

249 2085 332 2163 Quid
353 2088 475 2170 possim
494 2086 583 2151 videt
602 2107 638 2150 ec
660 2086 751 2151 novit
770 2107 822 2150 me
843 2086 967 2164 caldius
987 2087 1071 2170 ipso.

247 2170 352 2235 Mults
374 2171 502 2254 quidem
523 2171 603 2253 dixi,
626 2191 683 2234 cur
703 2173 870 2235 excusatus
892 2170 1027 2254 abirem3

248 2254 311 2319 Sed
331 2255 439 2337 timui,
461 2277 533 2320 mea
553 2275 594 2319 ne
615 2254 745 2318 finxisse
766 2255 892 2319 minore
911 2256 1054 2339 putarer,

248 2337 473 2403 Dissimulator
494 2339 564 2423 opis
607 2338 747 2422 roprise,
772 2337 851 2402 mihi
873 2337 1057 2402 commodus
1079 2338 1146 2403 uni.
1268 2342 1269 2417 j

185 2433 219 2482 10
251 2421 304 2487 Sic
326 2442 402 2519 ego,
423 2423 553 2487 maioris
610 2423 702 2507 giens
725 2443 743 2486 o
767 2422 898 2506 probris
920 2423 1047 2507 eulpae,
1268 2422 1269 2493 l

248 2505 377 2570 Frontis
398 2505 438 2569 ed
459 2507 599 2571 urbanae
621 2506 737 2571 descen
761 2506 768 2518 “
790 2505 941 2590 praemis
984 2504 1104 2582 Quodsi

247 2587 436 2672 Depositum
458 2590 568 2655 leudes
590 2591 632 2654 ob
654 2589 747 2654 amici
769 2590 857 2654 insse
876 2589 1046 2674 pudorem,
1267 2612 1268 2625 ¹

248 2672 356 2738 Scribe
370 2674 418 2738 tui
433 2675 540 2760 gregis
555 2673 650 2757 huno,
666 2676 698 2739 et
711 2675 828 2738 fortem
844 2673 936 2740 crede
951 2674 1145 2756 bonumque.

641 3047 687 3122 X·
1266 2925 1267 3000 l

245 3176 343 3243 Vrbis
365 3181 538 3244 amatorem
558 3178 698 3245 Fuscum
719 3180 841 3244 solvere
862 3179 1008 3244 iubemus
1264 3132 1266 3251 l

245 3262 341 3327 Ruris
363 3266 535 3346 amatores,
557 3262 618 3328 hac
639 3264 675 3327 in
694 3284 730 3327 re
752 3262 874 3328 seilicet
894 3284 959 3327 une

192 3368 196 3379 ·
246 3346 384 3412 Multum
405 3347 589 3429 dissimiles,
611 3350 646 3410 et
666 3351 772 3412 cetera
791 3369 893 3431 paene
915 3345 1044 3432 gemelli

246 3428 408 3494 Fbuternis
430 3430 545 3495 animis
567 3429 644 3513 quid
665 3431 721 3495 uid
741 3433 841 3516 neget
862 3431 942 3495 slter
964 3433 997 3494 et
1017 3429 1098 3494 ulter

198 3524 215 3573 o
246 3510 424 3578 Adnuimns
445 3513 565 3597 pariter
585 3534 624 3578 ve
675 3515 682 3527 '
704 3515 836 3598 notique
858 3514 1006 3579 columbi.
