<?xml version="1.0" encoding="UTF-8"?>
<!DOCTYPE html PUBLIC "-//W3C//DTD XHTML 1.0 Transitional//EN"
    "http://www.w3.org/TR/xhtml1/DTD/xhtml1-transitional.dtd">
<html xmlns="http://www.w3.org/1999/xhtml" xml:lang="en" lang="en">
 <head>
  <title>
</title>
<meta http-equiv="Content-Type" content="text/html;charset=utf-8" />
  <meta name='ocr-system' content='tesseract 3.04.00' />
  <meta name='ocr-capabilities' content='ocr_page ocr_carea ocr_par ocr_line ocrx_word'/>
</head>
<body>
  <div class='ocr_page' id='page_1' title='image "./qhoratiiflacica00mlgoog_0258.png"; bbox 0 0 2610 4028; ppageno 0'>
   <div class='ocr_carea' id='block_1_1' title="bbox 59 209 1121 303">
    <p class='ocr_par' dir='ltr' id='par_1_1' title="bbox 59 209 1121 303">
     <span class='ocr_line' id='line_1_1' title="bbox 59 209 1121 303; baseline 0.004 -32"><span class='ocrx_word' id='word_1_1' title='bbox 59 300 61 303; x_wconf 12' lang='grc' dir='ltr'>ι</span> <span class='ocrx_word' id='word_1_2' title='bbox 157 215 204 286; x_wconf 78' lang='lat' dir='ltr'>u]</span> <span class='ocrx_word' id='word_1_3' title='bbox 553 214 661 269; x_wconf 79' lang='lat' dir='ltr'>risun</span> <span class='ocrx_word' id='word_1_4' title='bbox 681 214 716 270; x_wconf 85' lang='lat' dir='ltr'>u</span> <span class='ocrx_word' id='word_1_5' title='bbox 805 284 806 291; x_wconf 11' lang='grc' dir='ltr'><strong><em>Ν</em></strong></span> <span class='ocrx_word' id='word_1_6' title='bbox 1065 209 1121 275; x_wconf 78' lang='grc'>157</span> 
     </span>
    </p>
   </div>
   <div class='ocr_carea' id='block_1_2' title="bbox 27 375 1124 547">
    <p class='ocr_par' dir='ltr' id='par_1_2' title="bbox 27 375 1124 547">
     <span class='ocr_line' id='line_1_2' title="bbox 27 375 962 462; baseline -0.002 -18"><span class='ocrx_word' id='word_1_7' title='bbox 27 426 28 433; x_wconf 38' lang='lat'>1</span> <span class='ocrx_word' id='word_1_8' title='bbox 159 379 337 461; x_wconf 78' lang='lat' dir='ltr'>Corruptus</span> <span class='ocrx_word' id='word_1_9' title='bbox 359 376 461 441; x_wconf 84' lang='lat' dir='ltr'>iudex.</span> <span class='ocrx_word' id='word_1_10' title='bbox 505 375 660 460; x_wconf 81' lang='lat' dir='ltr'>Leporem</span> <span class='ocrx_word' id='word_1_11' title='bbox 683 379 820 442; x_wconf 81' lang='lat' dir='ltr'>sectatus</span> <span class='ocrx_word' id='word_1_12' title='bbox 842 398 962 462; x_wconf 83' lang='lat' dir='ltr'>equove</span> 
     </span>
     <span class='ocr_line' id='line_1_3' title="bbox 27 461 1124 547; baseline -0.003 -20"><span class='ocrx_word' id='word_1_13' title='bbox 27 540 28 547; x_wconf 8' lang='grc' dir='ltr'>ἵ</span> <span class='ocrx_word' id='word_1_14' title='bbox 157 463 276 527; x_wconf 84' lang='lat' dir='ltr'>Lassus</span> <span class='ocrx_word' id='word_1_15' title='bbox 299 462 339 525; x_wconf 80' lang='lat' dir='ltr'>ab</span> <span class='ocrx_word' id='word_1_16' title='bbox 360 461 516 525; x_wconf 88' lang='lat' dir='ltr'>indomito</span> <span class='ocrx_word' id='word_1_17' title='bbox 538 462 604 545; x_wconf 86' lang='lat' dir='ltr'>vel,</span> <span class='ocrx_word' id='word_1_18' title='bbox 627 464 654 526; x_wconf 90' lang='lat' dir='ltr'>si</span> <span class='ocrx_word' id='word_1_19' title='bbox 674 461 821 527; x_wconf 78' lang='lat' dir='ltr'>Romana</span> <span class='ocrx_word' id='word_1_20' title='bbox 841 462 967 547; x_wconf 69' lang='lat' dir='ltr'>fatigar</span> <span class='ocrx_word' id='word_1_21' title='bbox 1092 474 1124 525; x_wconf 85' lang='lat'>10</span> 
     </span>
    </p>
   </div>
   <div class='ocr_carea' id='block_1_3' title="bbox 158 545 1123 1305">
    <p class='ocr_par' dir='ltr' id='par_1_3' title="bbox 159 545 922 630">
     <span class='ocr_line' id='line_1_4' title="bbox 159 545 922 630; baseline -0.001 -19"><span class='ocrx_word' id='word_1_22' title='bbox 159 547 278 611; x_wconf 81' lang='lat' dir='ltr'>Militia</span> <span class='ocrx_word' id='word_1_23' title='bbox 299 545 464 610; x_wconf 75' lang='lat' dir='ltr'>adsuetum</span> <span class='ocrx_word' id='word_1_24' title='bbox 485 547 642 630; x_wconf 77' lang='lat' dir='ltr'>graecari,</span> <span class='ocrx_word' id='word_1_25' title='bbox 665 567 722 610; x_wconf 89' lang='lat' dir='ltr'>seu</span> <span class='ocrx_word' id='word_1_26' title='bbox 742 547 811 630; x_wconf 84' lang='lat' dir='ltr'>pile</span> <span class='ocrx_word' id='word_1_27' title='bbox 829 547 922 613; x_wconf 86' lang='lat' dir='ltr'>velox</span> 
     </span>
    </p>

    <p class='ocr_par' dir='ltr' id='par_1_4' title="bbox 158 629 926 696">
     <span class='ocr_line' id='line_1_5' title="bbox 158 629 926 696; baseline -0.001 0"><span class='ocrx_word' id='word_1_28' title='bbox 158 631 301 696; x_wconf 80' lang='lat' dir='ltr'>Molliter</span> <span class='ocrx_word' id='word_1_29' title='bbox 323 632 483 694; x_wconf 83' lang='lat' dir='ltr'>austerum</span> <span class='ocrx_word' id='word_1_30' title='bbox 504 629 608 695; x_wconf 84' lang='lat' dir='ltr'>studio</span> <span class='ocrx_word' id='word_1_31' title='bbox 630 630 761 696; x_wconf 80' lang='lat' dir='ltr'>fallente</span> <span class='ocrx_word' id='word_1_32' title='bbox 783 629 926 695; x_wconf 84' lang='lat' dir='ltr'>laborem</span> 
     </span>
    </p>

    <p class='ocr_par' dir='ltr' id='par_1_5' title="bbox 160 714 1009 800">
     <span class='ocr_line' id='line_1_6' title="bbox 160 714 1009 800; baseline -0.001 -19"><span class='ocrx_word' id='word_1_33' title='bbox 160 715 223 782; x_wconf 77' lang='lat' dir='ltr'>Seu</span> <span class='ocrx_word' id='word_1_34' title='bbox 241 719 276 779; x_wconf 88' lang='lat' dir='ltr'>te</span> <span class='ocrx_word' id='word_1_35' title='bbox 299 714 405 779; x_wconf 85' lang='lat' dir='ltr'>discus</span> <span class='ocrx_word' id='word_1_36' title='bbox 426 714 508 800; x_wconf 77' lang='lat' dir='ltr'>agit,</span> <span class='ocrx_word' id='word_1_37' title='bbox 531 717 604 799; x_wconf 90' lang='lat' dir='ltr'>pete</span> <span class='ocrx_word' id='word_1_38' title='bbox 625 715 790 781; x_wconf 76' lang='lat' dir='ltr'>cedentem</span> <span class='ocrx_word' id='word_1_39' title='bbox 812 735 885 780; x_wconf 83' lang='lat' dir='ltr'>eers</span> <span class='ocrx_word' id='word_1_40' title='bbox 906 715 1009 781; x_wconf 83' lang='lat' dir='ltr'>diseo:</span> 
     </span>
    </p>

    <p class='ocr_par' dir='ltr' id='par_1_6' title="bbox 161 797 965 883">
     <span class='ocr_line' id='line_1_7' title="bbox 161 797 965 883; baseline -0.002 -18"><span class='ocrx_word' id='word_1_41' title='bbox 161 799 243 866; x_wconf 79' lang='lat' dir='ltr'>Cum</span> <span class='ocrx_word' id='word_1_42' title='bbox 265 798 356 863; x_wconf 84' lang='lat' dir='ltr'>labor</span> <span class='ocrx_word' id='word_1_43' title='bbox 378 798 535 863; x_wconf 85' lang='lat' dir='ltr'>extuderit</span> <span class='ocrx_word' id='word_1_44' title='bbox 555 797 699 882; x_wconf 79' lang='lat' dir='ltr'>fastidia,</span> <span class='ocrx_word' id='word_1_45' title='bbox 722 800 839 883; x_wconf 87' lang='lat' dir='ltr'>sioous,</span> <span class='ocrx_word' id='word_1_46' title='bbox 860 799 965 865; x_wconf 82' lang='lat' dir='ltr'>inanis</span> 
     </span>
    </p>

    <p class='ocr_par' dir='ltr' id='par_1_7' title="bbox 160 882 1123 1305">
     <span class='ocr_line' id='line_1_8' title="bbox 161 882 1123 967; baseline -0.004 -18"><span class='ocrx_word' id='word_1_47' title='bbox 161 883 183 949; x_wconf 83' lang='lat' dir='ltr'>S</span> <span class='ocrx_word' id='word_1_48' title='bbox 224 905 282 949; x_wconf 89' lang='lat' dir='ltr'>me</span> <span class='ocrx_word' id='word_1_49' title='bbox 297 883 403 947; x_wconf 86' lang='lat' dir='ltr'>eibum</span> <span class='ocrx_word' id='word_1_50' title='bbox 424 883 535 947; x_wconf 85' lang='lat' dir='ltr'>vilem·</span> <span class='ocrx_word' id='word_1_51' title='bbox 557 884 622 948; x_wconf 84' lang='lat' dir='ltr'>nisi</span> <span class='ocrx_word' id='word_1_52' title='bbox 635 883 800 967; x_wconf 79' lang='lat' dir='ltr'>Hymettia</span> <span class='ocrx_word' id='word_1_53' title='bbox 813 883 910 948; x_wconf 80' lang='lat' dir='ltr'>melle</span> <span class='ocrx_word' id='word_1_54' title='bbox 923 882 1060 948; x_wconf 83' lang='lat' dir='ltr'>Falerno</span> <span class='ocrx_word' id='word_1_55' title='bbox 1087 896 1123 945; x_wconf 78' lang='lat' dir='ltr'>re</span> 
     </span>
     <span class='ocr_line' id='line_1_9' title="bbox 160 906 1033 1053; baseline -0.001 -20"><span class='ocrx_word' id='word_1_56' title='bbox 160 906 350 1033; x_wconf 64' lang='lat' dir='ltr'>llisebiberis</span> <span class='ocrx_word' id='word_1_57' title='bbox 372 966 483 1032; x_wconf 78' lang='lat' dir='ltr'>diluta.</span> <span class='ocrx_word' id='word_1_58' title='bbox 526 933 617 1032; x_wconf 69' lang='lat' dir='ltr'>loris</span> <span class='ocrx_word' id='word_1_59' title='bbox 640 971 689 1033; x_wconf 86' lang='lat' dir='ltr'>est</span> <span class='ocrx_word' id='word_1_60' title='bbox 709 989 853 1053; x_wconf 90' lang='lat' dir='ltr'>promus,</span> <span class='ocrx_word' id='word_1_61' title='bbox 877 971 910 1032; x_wconf 87' lang='lat' dir='ltr'>et</span> <span class='ocrx_word' id='word_1_62' title='bbox 930 970 1033 1032; x_wconf 83' lang='lat' dir='ltr'>strum</span> 
     </span>
     <span class='ocr_line' id='line_1_10' title="bbox 160 1050 1028 1139; baseline -0.001 -23"><span class='ocrx_word' id='word_1_63' title='bbox 160 1050 343 1116; x_wconf 85' lang='lat' dir='ltr'>Defendens</span> <span class='ocrx_word' id='word_1_64' title='bbox 364 1052 469 1135; x_wconf 87' lang='lat' dir='ltr'>pisees</span> <span class='ocrx_word' id='word_1_65' title='bbox 489 1051 610 1116; x_wconf 85' lang='lat' dir='ltr'>hiemat</span> <span class='ocrx_word' id='word_1_66' title='bbox 630 1072 733 1118; x_wconf 84' lang='lat' dir='ltr'>mare:</span> <span class='ocrx_word' id='word_1_67' title='bbox 756 1073 828 1117; x_wconf 88' lang='lat' dir='ltr'>eum</span> <span class='ocrx_word' id='word_1_68' title='bbox 850 1052 915 1117; x_wconf 82' lang='lat' dir='ltr'>sale</span> <span class='ocrx_word' id='word_1_69' title='bbox 936 1052 1028 1139; x_wconf 83' lang='lat' dir='ltr'>punis</span> 
     </span>
     <span class='ocr_line' id='line_1_11' title="bbox 161 1135 1062 1220; baseline 0 -20"><span class='ocrx_word' id='word_1_70' title='bbox 161 1136 344 1201; x_wconf 78' lang='lat' dir='ltr'>Latruntem</span> <span class='ocrx_word' id='word_1_71' title='bbox 355 1135 554 1200; x_wconf 79' lang='lat' dir='ltr'>stomachum</span> <span class='ocrx_word' id='word_1_72' title='bbox 568 1136 648 1201; x_wconf 87' lang='lat' dir='ltr'>bene</span> <span class='ocrx_word' id='word_1_73' title='bbox 662 1137 769 1201; x_wconf 89' lang='lat' dir='ltr'>leniet</span> <span class='ocrx_word' id='word_1_74' title='bbox 794 1135 887 1201; x_wconf 90' lang='lat' dir='ltr'>Vnde</span> <span class='ocrx_word' id='word_1_75' title='bbox 902 1139 995 1220; x_wconf 85' lang='lat' dir='ltr'>putas</span> <span class='ocrx_word' id='word_1_76' title='bbox 1006 1141 1062 1200; x_wconf 85' lang='lat' dir='ltr'>aut</span> 
     </span>
     <span class='ocr_line' id='line_1_12' title="bbox 162 1219 954 1305; baseline 0.001 -21"><span class='ocrx_word' id='word_1_77' title='bbox 162 1220 221 1297; x_wconf 79' lang='lat' dir='ltr'>Qui</span> <span class='ocrx_word' id='word_1_78' title='bbox 243 1219 394 1305; x_wconf 72' lang='lat' dir='ltr'>partum?</span> <span class='ocrx_word' id='word_1_79' title='bbox 426 1219 503 1285; x_wconf 89' lang='lat' dir='ltr'>Non</span> <span class='ocrx_word' id='word_1_80' title='bbox 524 1220 559 1283; x_wconf 92' lang='lat' dir='ltr'>in</span> <span class='ocrx_word' id='word_1_81' title='bbox 580 1242 652 1285; x_wconf 84' lang='lat' dir='ltr'>uero</span> <span class='ocrx_word' id='word_1_82' title='bbox 674 1220 786 1285; x_wconf 90' lang='lat' dir='ltr'>nidore</span> <span class='ocrx_word' id='word_1_83' title='bbox 807 1221 954 1305; x_wconf 81' lang='lat' dir='ltr'>voluptas</span> 
     </span>
    </p>
   </div>
   <div class='ocr_carea' id='block_1_4' title="bbox 27 1304 1124 1570">
    <p class='ocr_par' dir='ltr' id='par_1_8' title="bbox 27 1304 1124 1570">
     <span class='ocr_line' id='line_1_13' title="bbox 27 1304 1124 1388; baseline 0 -19"><span class='ocrx_word' id='word_1_84' title='bbox 27 1334 28 1341; x_wconf 45' lang='lat'>¹</span> <span class='ocrx_word' id='word_1_85' title='bbox 162 1304 307 1387; x_wconf 82' lang='lat' dir='ltr'>Summe,</span> <span class='ocrx_word' id='word_1_86' title='bbox 329 1304 434 1369; x_wconf 86' lang='lat' dir='ltr'>sedin</span> <span class='ocrx_word' id='word_1_87' title='bbox 453 1307 487 1368; x_wconf 89' lang='lat' dir='ltr'>te</span> <span class='ocrx_word' id='word_1_88' title='bbox 501 1304 612 1388; x_wconf 88' lang='lat' dir='ltr'>ipsost.</span> <span class='ocrx_word' id='word_1_89' title='bbox 648 1304 697 1368; x_wconf 79' lang='lat' dir='ltr'>&#39;Pu</span> <span class='ocrx_word' id='word_1_90' title='bbox 710 1305 922 1388; x_wconf 74' lang='lat' dir='ltr'>pulmentario</span> <span class='ocrx_word' id='word_1_91' title='bbox 943 1326 1059 1388; x_wconf 82' lang='lat' dir='ltr'>quaere</span> <span class='ocrx_word' id='word_1_92' title='bbox 1090 1318 1124 1368; x_wconf 76' lang='lat'>20</span> 
     </span>
     <span class='ocr_line' id='line_1_14' title="bbox 27 1388 1011 1473; baseline 0 -19"><span class='ocrx_word' id='word_1_93' title='bbox 27 1424 28 1427; x_wconf 34' lang='lat'>¹</span> <span class='ocrx_word' id='word_1_94' title='bbox 161 1388 327 1454; x_wconf 77' lang='lat' dir='ltr'>Sudando:</span> <span class='ocrx_word' id='word_1_95' title='bbox 349 1388 503 1473; x_wconf 80' lang='lat' dir='ltr'>pinguem</span> <span class='ocrx_word' id='word_1_96' title='bbox 524 1389 610 1452; x_wconf 79' lang='lat' dir='ltr'>vitiis</span> <span class='ocrx_word' id='word_1_97' title='bbox 632 1389 802 1473; x_wconf 77' lang='lat' dir='ltr'>albumque</span> <span class='ocrx_word' id='word_1_98' title='bbox 822 1409 883 1453; x_wconf 84' lang='lat' dir='ltr'>nee</span> <span class='ocrx_word' id='word_1_99' title='bbox 905 1391 1011 1454; x_wconf 83' lang='lat' dir='ltr'>ostrea</span> 
     </span>
     <span class='ocr_line' id='line_1_15' title="bbox 27 1472 1027 1570; baseline -0.003 -31"><span class='ocrx_word' id='word_1_100' title='bbox 27 1480 29 1545; x_wconf 62' lang='lat' dir='ltr'>t</span> <span class='ocrx_word' id='word_1_101' title='bbox 161 1473 229 1539; x_wconf 89' lang='lat' dir='ltr'>Neo</span> <span class='ocrx_word' id='word_1_102' title='bbox 252 1492 360 1538; x_wconf 78' lang='lat' dir='ltr'>scarus</span> <span class='ocrx_word' id='word_1_103' title='bbox 382 1472 576 1570; x_wconf 80' lang='lat' dir='ltr'>eutpoterit</span> <span class='ocrx_word' id='word_1_104' title='bbox 595 1473 765 1558; x_wconf 76' lang='lat' dir='ltr'>peregrina</span> <span class='ocrx_word' id='word_1_105' title='bbox 785 1473 894 1570; x_wconf 81' lang='lat' dir='ltr'>iuvare</span> <span class='ocrx_word' id='word_1_106' title='bbox 915 1473 1027 1558; x_wconf 73' lang='lat' dir='ltr'>lagois</span> 
     </span>
    </p>
   </div>
   <div class='ocr_carea' id='block_1_5' title="bbox 160 1557 1124 1810">
    <p class='ocr_par' dir='ltr' id='par_1_9' title="bbox 160 1557 1124 1810">
     <span class='ocr_line' id='line_1_16' title="bbox 160 1557 997 1641; baseline 0.001 -21"><span class='ocrx_word' id='word_1_107' title='bbox 160 1557 223 1621; x_wconf 83' lang='lat' dir='ltr'>Vix</span> <span class='ocrx_word' id='word_1_108' title='bbox 244 1560 355 1621; x_wconf 80' lang='lat' dir='ltr'>temen</span> <span class='ocrx_word' id='word_1_109' title='bbox 375 1578 523 1640; x_wconf 85' lang='lat' dir='ltr'>errpram,</span> <span class='ocrx_word' id='word_1_110' title='bbox 545 1557 650 1640; x_wconf 89' lang='lat' dir='ltr'>posito</span> <span class='ocrx_word' id='word_1_111' title='bbox 671 1576 796 1641; x_wconf 79' lang='lat' dir='ltr'>pavone</span> <span class='ocrx_word' id='word_1_112' title='bbox 817 1557 898 1622; x_wconf 77' lang='lat' dir='ltr'>velis</span> <span class='ocrx_word' id='word_1_113' title='bbox 919 1558 997 1640; x_wconf 90' lang='lat' dir='ltr'>quin</span> 
     </span>
     <span class='ocr_line' id='line_1_17' title="bbox 160 1641 945 1727; baseline -0.003 -20"><span class='ocrx_word' id='word_1_114' title='bbox 160 1641 232 1707; x_wconf 85' lang='lat' dir='ltr'>Hoo</span> <span class='ocrx_word' id='word_1_115' title='bbox 253 1641 360 1725; x_wconf 87' lang='lat' dir='ltr'>potius</span> <span class='ocrx_word' id='word_1_116' title='bbox 382 1660 478 1725; x_wconf 86' lang='lat' dir='ltr'>quam</span> <span class='ocrx_word' id='word_1_117' title='bbox 498 1642 621 1726; x_wconf 77' lang='lat' dir='ltr'>galline</span> <span class='ocrx_word' id='word_1_118' title='bbox 641 1644 765 1727; x_wconf 81' lang='lat' dir='ltr'>tergere</span> <span class='ocrx_word' id='word_1_119' title='bbox 786 1641 945 1725; x_wconf 75' lang='lat' dir='ltr'>palatum,</span> 
     </span>
     <span class='ocr_line' id='line_1_18' title="bbox 162 1725 1124 1810; baseline -0.003 -19"><span class='ocrx_word' id='word_1_120' title='bbox 162 1725 338 1809; x_wconf 78' lang='lat' dir='ltr'>Corruptus</span> <span class='ocrx_word' id='word_1_121' title='bbox 359 1726 450 1790; x_wconf 81' lang='lat' dir='ltr'>vanis</span> <span class='ocrx_word' id='word_1_122' title='bbox 469 1746 591 1809; x_wconf 89' lang='lat' dir='ltr'>rerum,</span> <span class='ocrx_word' id='word_1_123' title='bbox 614 1726 689 1810; x_wconf 78' lang='lat' dir='ltr'>quie</span> <span class='ocrx_word' id='word_1_124' title='bbox 710 1729 824 1790; x_wconf 78' lang='lat' dir='ltr'>veneat</span> <span class='ocrx_word' id='word_1_125' title='bbox 845 1746 921 1790; x_wconf 85' lang='lat' dir='ltr'>euro</span> <span class='ocrx_word' id='word_1_126' title='bbox 1089 1738 1124 1789; x_wconf 76' lang='lat'>25</span> 
     </span>
    </p>
   </div>
   <div class='ocr_carea' id='block_1_6' title="bbox 31 1809 975 1897">
    <p class='ocr_par' dir='ltr' id='par_1_10' title="bbox 31 1809 975 1897">
     <span class='ocr_line' id='line_1_19' title="bbox 31 1809 975 1897; baseline 0 -23"><span class='ocrx_word' id='word_1_127' title='bbox 31 1880 35 1887; x_wconf 62' lang='grc'>,</span> <span class='ocrx_word' id='word_1_128' title='bbox 161 1810 246 1874; x_wconf 79' lang='lat' dir='ltr'>Rern</span> <span class='ocrx_word' id='word_1_129' title='bbox 268 1810 335 1874; x_wconf 85' lang='lat' dir='ltr'>avis</span> <span class='ocrx_word' id='word_1_130' title='bbox 357 1812 389 1875; x_wconf 89' lang='lat' dir='ltr'>et</span> <span class='ocrx_word' id='word_1_131' title='bbox 409 1811 496 1895; x_wconf 79' lang='lat' dir='ltr'>pieta</span> <span class='ocrx_word' id='word_1_132' title='bbox 516 1810 637 1897; x_wconf 78' lang='lat' dir='ltr'>pendet</span> <span class='ocrx_word' id='word_1_133' title='bbox 658 1811 839 1896; x_wconf 74' lang='lat' dir='ltr'>spectacula</span> <span class='ocrx_word' id='word_1_134' title='bbox 861 1809 975 1875; x_wconf 80' lang='lat' dir='ltr'>cende:</span> 
     </span>
    </p>
   </div>
   <div class='ocr_carea' id='block_1_7' title="bbox 159 1894 1124 2820">
    <p class='ocr_par' dir='ltr' id='par_1_11' title="bbox 159 1894 1124 2820">
     <span class='ocr_line' id='line_1_20' title="bbox 161 1894 1059 1979; baseline 0 -21"><span class='ocrx_word' id='word_1_135' title='bbox 161 1894 464 1978; x_wconf 77' lang='lat' dir='ltr'>Tamquamedrem</span> <span class='ocrx_word' id='word_1_136' title='bbox 477 1895 800 1979; x_wconf 81' lang='lat' dir='ltr'>attinestquioquem.</span> <span class='ocrx_word' id='word_1_137' title='bbox 826 1894 913 1960; x_wconf 89' lang='lat' dir='ltr'>Num</span> <span class='ocrx_word' id='word_1_138' title='bbox 923 1896 1059 1960; x_wconf 81' lang='lat' dir='ltr'>vesceris</span> 
     </span>
     <span class='ocr_line' id='line_1_21' title="bbox 766 1980 830 2044; baseline 0 -1"><span class='ocrx_word' id='word_1_139' title='bbox 766 1980 830 2044; x_wconf 80' lang='lat' dir='ltr'>ista</span> 
     </span>
     <span class='ocr_line' id='line_1_22' title="bbox 161 2028 1058 2147; baseline -0.002 -19"><span class='ocrx_word' id='word_1_140' title='bbox 161 2063 263 2139; x_wconf 77' lang='lat' dir='ltr'>Quem</span> <span class='ocrx_word' id='word_1_141' title='bbox 274 2063 395 2146; x_wconf 84' lang='lat' dir='ltr'>laudus,</span> <span class='ocrx_word' id='word_1_142' title='bbox 407 2063 539 2147; x_wconf 81' lang='lat' dir='ltr'>plume?</span> <span class='ocrx_word' id='word_1_143' title='bbox 550 2066 640 2128; x_wconf 82' lang='lat' dir='ltr'>coeto</span> <span class='ocrx_word' id='word_1_144' title='bbox 650 2085 728 2127; x_wconf 93' lang='lat' dir='ltr'>num</span> <span class='ocrx_word' id='word_1_145' title='bbox 738 2028 942 2127; x_wconf 83' lang='lat' dir='ltr'>edestlronor</span> <span class='ocrx_word' id='word_1_146' title='bbox 951 2061 1058 2129; x_wconf 80' lang='lat' dir='ltr'>idem?</span> 
     </span>
     <span class='ocr_line' id='line_1_23' title="bbox 162 2146 1060 2230; baseline -0.002 -17"><span class='ocrx_word' id='word_1_147' title='bbox 162 2146 265 2213; x_wconf 80' lang='lat' dir='ltr'>Cerne</span> <span class='ocrx_word' id='word_1_148' title='bbox 286 2150 396 2211; x_wconf 84' lang='lat' dir='ltr'>tamen</span> <span class='ocrx_word' id='word_1_149' title='bbox 417 2148 559 2230; x_wconf 82' lang='lat' dir='ltr'>quemvis</span> <span class='ocrx_word' id='word_1_150' title='bbox 581 2147 678 2211; x_wconf 83' lang='lat' dir='ltr'>distet</span> <span class='ocrx_word' id='word_1_151' title='bbox 693 2146 756 2230; x_wconf 93' lang='lat' dir='ltr'>nil,</span> <span class='ocrx_word' id='word_1_152' title='bbox 778 2146 839 2210; x_wconf 84' lang='lat' dir='ltr'>heo</span> <span class='ocrx_word' id='word_1_153' title='bbox 852 2169 885 2210; x_wconf 89' lang='lat' dir='ltr'>m</span> <span class='ocrx_word' id='word_1_154' title='bbox 932 2147 938 2160; x_wconf 87' lang='lat'>&#39;</span> <span class='ocrx_word' id='word_1_155' title='bbox 970 2147 1060 2211; x_wconf 84' lang='lat' dir='ltr'>illam</span> 
     </span>
     <span class='ocr_line' id='line_1_24' title="bbox 161 2231 1124 2316; baseline -0.002 -20"><span class='ocrx_word' id='word_1_156' title='bbox 161 2231 332 2316; x_wconf 76' lang='lat' dir='ltr'>inparibus</span> <span class='ocrx_word' id='word_1_157' title='bbox 352 2232 465 2296; x_wconf 87' lang='lat' dir='ltr'>formis</span> <span class='ocrx_word' id='word_1_158' title='bbox 487 2232 653 2315; x_wconf 80' lang='lat' dir='ltr'>deceptum</span> <span class='ocrx_word' id='word_1_159' title='bbox 674 2234 707 2296; x_wconf 84' lang='lat' dir='ltr'>te</span> <span class='ocrx_word' id='word_1_160' title='bbox 768 2231 850 2294; x_wconf 88' lang='lat' dir='ltr'>tere!</span> <span class='ocrx_word' id='word_1_161' title='bbox 940 2233 989 2295; x_wconf 86' lang='lat' dir='ltr'>to:</span> <span class='ocrx_word' id='word_1_162' title='bbox 1090 2244 1124 2294; x_wconf 83' lang='lat'>30</span> 
     </span>
     <span class='ocr_line' id='line_1_25' title="bbox 161 2313 1052 2399; baseline 0 -19"><span class='ocrx_word' id='word_1_163' title='bbox 161 2315 254 2380; x_wconf 83' lang='lat' dir='ltr'>Vnde</span> <span class='ocrx_word' id='word_1_164' title='bbox 276 2316 385 2380; x_wconf 86' lang='lat' dir='ltr'>datum</span> <span class='ocrx_word' id='word_1_165' title='bbox 406 2316 521 2399; x_wconf 89' lang='lat' dir='ltr'>sentis,</span> <span class='ocrx_word' id='word_1_166' title='bbox 543 2316 638 2399; x_wconf 91' lang='lat' dir='ltr'>lupus</span> <span class='ocrx_word' id='word_1_167' title='bbox 659 2313 712 2379; x_wconf 90' lang='lat' dir='ltr'>hio</span> <span class='ocrx_word' id='word_1_168' title='bbox 764 2314 902 2378; x_wconf 85' lang='lat' dir='ltr'>’berinus</span> <span class='ocrx_word' id='word_1_169' title='bbox 923 2335 966 2378; x_wconf 81' lang='lat' dir='ltr'>en</span> <span class='ocrx_word' id='word_1_170' title='bbox 986 2315 1052 2380; x_wconf 83' lang='lat' dir='ltr'>ulto</span> 
     </span>
     <span class='ocr_line' id='line_1_26' title="bbox 161 2398 1019 2484; baseline -0.002 -19"><span class='ocrx_word' id='word_1_171' title='bbox 161 2399 282 2484; x_wconf 80' lang='lat' dir='ltr'>Oeptus</span> <span class='ocrx_word' id='word_1_172' title='bbox 303 2398 394 2465; x_wconf 74' lang='lat' dir='ltr'>hiet?</span> <span class='ocrx_word' id='word_1_173' title='bbox 415 2403 572 2484; x_wconf 88' lang='lat' dir='ltr'>pontesne</span> <span class='ocrx_word' id='word_1_174' title='bbox 592 2399 678 2465; x_wconf 88' lang='lat' dir='ltr'>inter</span> <span class='ocrx_word' id='word_1_175' title='bbox 696 2399 831 2463; x_wconf 82' lang='lat' dir='ltr'>ieetelus</span> <span class='ocrx_word' id='word_1_176' title='bbox 852 2418 895 2463; x_wconf 80' lang='lat' dir='ltr'>an</span> <span class='ocrx_word' id='word_1_177' title='bbox 916 2399 1019 2464; x_wconf 83' lang='lat' dir='ltr'>amnis</span> 
     </span>
     <span class='ocr_line' id='line_1_27' title="bbox 161 2482 983 2567; baseline -0.001 -18"><span class='ocrx_word' id='word_1_178' title='bbox 161 2482 253 2549; x_wconf 80' lang='lat' dir='ltr'>Ostia</span> <span class='ocrx_word' id='word_1_179' title='bbox 275 2483 333 2549; x_wconf 88' lang='lat' dir='ltr'>sub</span> <span class='ocrx_word' id='word_1_180' title='bbox 354 2482 473 2549; x_wconf 72' lang='lat' dir='ltr'>lusci?</span> <span class='ocrx_word' id='word_1_181' title='bbox 516 2482 656 2567; x_wconf 81' lang='lat' dir='ltr'>Laudes,</span> <span class='ocrx_word' id='word_1_182' title='bbox 678 2483 804 2567; x_wconf 79' lang='lat' dir='ltr'>insane,</span> <span class='ocrx_word' id='word_1_183' title='bbox 826 2483 983 2548; x_wconf 84' lang='lat' dir='ltr'>trilibrem</span> 
     </span>
     <span class='ocr_line' id='line_1_28' title="bbox 160 2568 1080 2653; baseline 0.002 -21"><span class='ocrx_word' id='word_1_184' title='bbox 160 2568 1080 2653; x_wconf 84' lang='lat' dir='ltr'>Mullum,insinguloquemminuespnlmenteneoessest.</span> 
     </span>
     <span class='ocr_line' id='line_1_29' title="bbox 159 2651 1124 2738; baseline 0.001 -22"><span class='ocrx_word' id='word_1_185' title='bbox 159 2651 258 2717; x_wconf 88' lang='lat' dir='ltr'>Dueit</span> <span class='ocrx_word' id='word_1_186' title='bbox 279 2655 312 2716; x_wconf 90' lang='lat' dir='ltr'>te</span> <span class='ocrx_word' id='word_1_187' title='bbox 334 2653 471 2737; x_wconf 84' lang='lat' dir='ltr'>speeies,</span> <span class='ocrx_word' id='word_1_188' title='bbox 492 2653 599 2717; x_wconf 84' lang='lat' dir='ltr'>video:</span> <span class='ocrx_word' id='word_1_189' title='bbox 622 2674 684 2737; x_wconf 93' lang='lat' dir='ltr'>quo</span> <span class='ocrx_word' id='word_1_190' title='bbox 706 2653 846 2737; x_wconf 88' lang='lat' dir='ltr'>pertinet</span> <span class='ocrx_word' id='word_1_191' title='bbox 866 2673 942 2738; x_wconf 83' lang='lat' dir='ltr'>ergo</span> <span class='ocrx_word' id='word_1_192' title='bbox 1089 2664 1124 2716; x_wconf 68' lang='lat'>35</span> 
     </span>
     <span class='ocr_line' id='line_1_30' title="bbox 159 2736 921 2820; baseline -0.004 -17"><span class='ocrx_word' id='word_1_193' title='bbox 159 2736 314 2803; x_wconf 89' lang='lat' dir='ltr'>Proeeros</span> <span class='ocrx_word' id='word_1_194' title='bbox 337 2736 442 2802; x_wconf 89' lang='lat' dir='ltr'>odisse</span> <span class='ocrx_word' id='word_1_195' title='bbox 463 2737 578 2820; x_wconf 81' lang='lat' dir='ltr'>lupos?</span> <span class='ocrx_word' id='word_1_196' title='bbox 612 2737 694 2813; x_wconf 76' lang='lat' dir='ltr'>Quia</span> <span class='ocrx_word' id='word_1_197' title='bbox 715 2737 837 2801; x_wconf 80' lang='lat' dir='ltr'>scilieet</span> <span class='ocrx_word' id='word_1_198' title='bbox 856 2737 921 2800; x_wconf 92' lang='lat' dir='ltr'>illis</span> 
     </span>
    </p>
   </div>
   <div class='ocr_carea' id='block_1_8' title="bbox 27 2810 1059 3017">
    <p class='ocr_par' dir='ltr' id='par_1_12' title="bbox 27 2810 1059 3017">
     <span class='ocr_line' id='line_1_31' title="bbox 27 2810 1059 2904; baseline -0.005 -15"><span class='ocrx_word' id='word_1_199' title='bbox 27 2810 28 2871; x_wconf 64' lang='lat' dir='ltr'>l</span> <span class='ocrx_word' id='word_1_200' title='bbox 120 2856 127 2882; x_wconf 65' lang='lat' dir='ltr'>x</span> <span class='ocrx_word' id='word_1_201' title='bbox 158 2820 316 2887; x_wconf 81' lang='lat' dir='ltr'>Maiorem</span> <span class='ocrx_word' id='word_1_202' title='bbox 332 2824 447 2886; x_wconf 84' lang='lat' dir='ltr'>nature</span> <span class='ocrx_word' id='word_1_203' title='bbox 460 2821 590 2885; x_wconf 90' lang='lat' dir='ltr'>modum</span> <span class='ocrx_word' id='word_1_204' title='bbox 612 2820 713 2903; x_wconf 87' lang='lat' dir='ltr'>dedit,</span> <span class='ocrx_word' id='word_1_205' title='bbox 735 2819 786 2885; x_wconf 91' lang='lat' dir='ltr'>his</span> <span class='ocrx_word' id='word_1_206' title='bbox 808 2820 904 2884; x_wconf 88' lang='lat' dir='ltr'>breve</span> <span class='ocrx_word' id='word_1_207' title='bbox 925 2820 1059 2904; x_wconf 90' lang='lat' dir='ltr'>pondus.</span> 
     </span>
     <span class='ocr_line' id='line_1_32' title="bbox 27 2903 899 3017; baseline -0.003 -47"><span class='ocrx_word' id='word_1_208' title='bbox 27 2990 29 3017; x_wconf 35' lang='grc' dir='ltr'>ι</span> <span class='ocrx_word' id='word_1_209' title='bbox 158 2903 289 2970; x_wconf 89' lang='lat' dir='ltr'>Ieiunus</span> <span class='ocrx_word' id='word_1_210' title='bbox 310 2926 382 2969; x_wconf 85' lang='lat' dir='ltr'>raro</span> <span class='ocrx_word' id='word_1_211' title='bbox 405 2903 588 2970; x_wconf 79' lang='lat' dir='ltr'>stomachus</span> <span class='ocrx_word' id='word_1_212' title='bbox 609 2905 755 2990; x_wconf 76' lang='lat' dir='ltr'>volgaria</span> <span class='ocrx_word' id='word_1_213' title='bbox 774 2904 899 2968; x_wconf 86' lang='lat' dir='ltr'>temnit.</span> 
     </span>
    </p>
   </div>
   <div class='ocr_carea' id='block_1_9' title="bbox 159 2988 1126 3159">
    <p class='ocr_par' dir='ltr' id='par_1_13' title="bbox 159 2988 1126 3159">
     <span class='ocr_line' id='line_1_33' title="bbox 160 2988 964 3074; baseline -0.001 -21"><span class='ocrx_word' id='word_1_214' title='bbox 160 2988 357 3053; x_wconf 76' lang='lat' dir='ltr'>‘Portentum</span> <span class='ocrx_word' id='word_1_215' title='bbox 378 3010 496 3074; x_wconf 80' lang='lat' dir='ltr'>magno</span> <span class='ocrx_word' id='word_1_216' title='bbox 518 3008 571 3054; x_wconf 84' lang='lat' dir='ltr'>me</span> <span class='ocrx_word' id='word_1_217' title='bbox 616 3011 671 3053; x_wconf 89' lang='lat' dir='ltr'>urn</span> <span class='ocrx_word' id='word_1_218' title='bbox 693 2991 835 3072; x_wconf 79' lang='lat' dir='ltr'>spectare</span> <span class='ocrx_word' id='word_1_219' title='bbox 857 2989 964 3055; x_wconf 77' lang='lat' dir='ltr'>setino</span> 
     </span>
     <span class='ocr_line' id='line_1_34' title="bbox 159 3071 1126 3159; baseline -0.001 -23"><span class='ocrx_word' id='word_1_220' title='bbox 159 3071 297 3139; x_wconf 89' lang='lat' dir='ltr'>Vellem&#39;</span> <span class='ocrx_word' id='word_1_221' title='bbox 310 3073 357 3136; x_wconf 84' lang='lat' dir='ltr'>ait</span> <span class='ocrx_word' id='word_1_222' title='bbox 366 3072 518 3159; x_wconf 79' lang='lat' dir='ltr'>Harpyiis</span> <span class='ocrx_word' id='word_1_223' title='bbox 528 3095 573 3159; x_wconf 81' lang='lat' dir='ltr'>gu</span> <span class='ocrx_word' id='word_1_224' title='bbox 587 3095 606 3137; x_wconf 83' lang='lat' dir='ltr'><strong>a</strong></span> <span class='ocrx_word' id='word_1_225' title='bbox 620 3072 908 3158; x_wconf 79' lang='lat' dir='ltr'>dignarapeoibus.</span> <span class='ocrx_word' id='word_1_226' title='bbox 928 3074 1057 3156; x_wconf 81' lang='lat' dir='ltr'>Atros„</span> <span class='ocrx_word' id='word_1_227' title='bbox 1090 3085 1126 3135; x_wconf 86' lang='lat'>40</span> 
     </span>
    </p>
   </div>
   <div class='ocr_carea' id='block_1_10' title="bbox 27 3155 1060 3279">
    <p class='ocr_par' dir='ltr' id='par_1_14' title="bbox 27 3155 1060 3279">
     <span class='ocr_line' id='line_1_35' title="bbox 27 3155 1060 3279; baseline 0 -59"><span class='ocrx_word' id='word_1_228' title='bbox 27 3212 29 3279; x_wconf 35' lang='grc' dir='ltr'>ᾗ</span> <span class='ocrx_word' id='word_1_229' title='bbox 159 3155 347 3222; x_wconf 76' lang='lat' dir='ltr'>Praesentes</span> <span class='ocrx_word' id='word_1_230' title='bbox 363 3158 483 3242; x_wconf 80' lang='lat' dir='ltr'>Austri,</span> <span class='ocrx_word' id='word_1_231' title='bbox 496 3158 623 3242; x_wconf 81' lang='lat' dir='ltr'>coquite</span> <span class='ocrx_word' id='word_1_232' title='bbox 638 3157 751 3223; x_wconf 90' lang='lat' dir='ltr'>horum</span> <span class='ocrx_word' id='word_1_233' title='bbox 771 3158 913 3223; x_wconf 78' lang='lat' dir='ltr'>obsonia.</span> <span class='ocrx_word' id='word_1_234' title='bbox 946 3155 1060 3233; x_wconf 77' lang='lat' dir='ltr'>Quem-</span> 
     </span>
    </p>
   </div>
   <div class='ocr_carea' id='block_1_11' title="bbox 704 3263 864 3326">
    <p class='ocr_par' dir='ltr' id='par_1_15' title="bbox 704 3263 864 3326">
     <span class='ocr_line' id='line_1_36' title="bbox 704 3263 864 3326; baseline 0 -21"><span class='ocrx_word' id='word_1_235' title='bbox 704 3294 706 3299; x_wconf 95' lang='lat'><em>.</em></span> <span class='ocrx_word' id='word_1_236' title='bbox 768 3263 864 3326; x_wconf 84' lang='lat' dir='ltr'>quam</span> 
     </span>
    </p>
   </div>
   <div class='ocr_carea' id='block_1_12' title="bbox 27 3301 1061 3578">
    <p class='ocr_par' dir='ltr' id='par_1_16' title="bbox 27 3301 1061 3578">
     <span class='ocr_line' id='line_1_37' title="bbox 27 3301 1059 3415; baseline -0.003 -24"><span class='ocrx_word' id='word_1_237' title='bbox 27 3310 29 3415; x_wconf 25' lang='grc' dir='ltr'>ζ</span> <span class='ocrx_word' id='word_1_238' title='bbox 159 3324 255 3390; x_wconf 86' lang='lat' dir='ltr'>Putet</span> <span class='ocrx_word' id='word_1_239' title='bbox 269 3346 347 3410; x_wconf 82' lang='lat' dir='ltr'>aper</span> <span class='ocrx_word' id='word_1_240' title='bbox 359 3326 573 3412; x_wconf 86' lang='lat' dir='ltr'>rhombusque</span> <span class='ocrx_word' id='word_1_241' title='bbox 586 3301 814 3410; x_wconf 83' lang='lat' dir='ltr'>reeens,male</span> <span class='ocrx_word' id='word_1_242' title='bbox 828 3325 920 3409; x_wconf 83' lang='lat' dir='ltr'>eopia</span> <span class='ocrx_word' id='word_1_243' title='bbox 934 3325 1059 3409; x_wconf 78' lang='lat' dir='ltr'>quando</span> 
     </span>
     <span class='ocr_line' id='line_1_38' title="bbox 27 3409 1061 3494; baseline -0.004 -18"><span class='ocrx_word' id='word_1_244' title='bbox 27 3432 29 3489; x_wconf 46' lang='grc' dir='ltr'>ῥ</span> <span class='ocrx_word' id='word_1_245' title='bbox 160 3409 303 3494; x_wconf 80' lang='lat' dir='ltr'>Aegrum</span> <span class='ocrx_word' id='word_1_246' title='bbox 317 3410 471 3475; x_wconf 80' lang='lat' dir='ltr'>sollicitat</span> <span class='ocrx_word' id='word_1_247' title='bbox 493 3410 706 3493; x_wconf 79' lang='lat' dir='ltr'>stomachum,</span> <span class='ocrx_word' id='word_1_248' title='bbox 729 3431 802 3476; x_wconf 88' lang='lat' dir='ltr'>eum</span> <span class='ocrx_word' id='word_1_249' title='bbox 814 3409 927 3494; x_wconf 81' lang='lat' dir='ltr'>rapula</span> <span class='ocrx_word' id='word_1_250' title='bbox 947 3409 1061 3493; x_wconf 86' lang='lat' dir='ltr'>plenus</span> 
     </span>
     <span class='ocr_line' id='line_1_39' title="bbox 27 3493 1060 3578; baseline -0.002 -20"><span class='ocrx_word' id='word_1_251' title='bbox 27 3510 29 3571; x_wconf 57' lang='grc' dir='ltr'><em>ξ</em></span> <span class='ocrx_word' id='word_1_252' title='bbox 160 3493 266 3578; x_wconf 90' lang='lat' dir='ltr'>Atque</span> <span class='ocrx_word' id='word_1_253' title='bbox 277 3494 383 3559; x_wconf 83' lang='lat' dir='ltr'>eoides</span> <span class='ocrx_word' id='word_1_254' title='bbox 397 3497 519 3560; x_wconf 83' lang='lat' dir='ltr'>mavolt</span> <span class='ocrx_word' id='word_1_255' title='bbox 532 3496 646 3560; x_wconf 84' lang='lat' dir='ltr'>inulas.</span> <span class='ocrx_word' id='word_1_256' title='bbox 672 3495 819 3560; x_wconf 74' lang='lat' dir='ltr'>Necdum</span> <span class='ocrx_word' id='word_1_257' title='bbox 829 3493 932 3567; x_wconf 85' lang='lat' dir='ltr'>omnis</span> <span class='ocrx_word' id='word_1_258' title='bbox 945 3493 1060 3557; x_wconf 76' lang='lat' dir='ltr'>abacta</span> 
     </span>
    </p>
   </div>
   <div class='ocr_carea' id='block_1_13' title="bbox 0 0 1311 4028">
    <p class='ocr_par' dir='ltr' id='par_1_17' title="bbox 0 0 1311 4028">
     <span class='ocr_line' id='line_1_40' title="bbox 0 0 1311 4028; baseline 0 0"><span class='ocrx_word' id='word_1_259' title='bbox 0 0 1311 4028; x_wconf 95' lang='lat' dir='ltr'> </span> 
     </span>
    </p>
   </div>
  </div>
 </body>
</html>
