2570 4022
491 200 704 259 PRAEFATIO.
979 203 1080 259 XLVII

14 388 15 393 ¹
116 361 345 422 alienissimum.
379 359 534 439 Equidem
554 360 588 420 ni
609 358 714 433 fallor,
738 361 863 422 omnino
884 361 1080 424 scribendum

116 444 167 504 ‘in
189 445 285 524 quo'3
309 445 344 506 id
365 452 516 524 sequente
536 465 568 505 m
588 444 690 506 lahem
710 448 814 506 traxit.

177 531 238 609 Ep.
254 548 277 602 ι,
293 532 322 604 1,
339 532 359 590 9
376 538 481 604 peccet
494 532 535 589 ud
548 539 708 590 ewam
722 534 861 590 ridendae
874 542 902 591 et
914 536 967 591 iliu
981 536 1078 592 duent.

117 614 191 675 ‘Ilia
213 614 327 675 ducere
348 613 389 674 dc
410 614 555 675 iumentis
578 613 704 687 dicitur,
733 633 862 693 quorum
889 617 943 677 ilia
965 617 1079 678 crebris

14 768 15 771 Ἴ
115 698 256 778 pulsibus
274 698 447 760 tenduntur
467 718 633 778 rursusque
655 699 880 761 remittuntur’.
908 700 952 760 Μ.

178 798 226 860 lh.
242 800 283 859 56
305 805 389 860 laevo
410 806 546 877 mtptnrr'
562 801 674 861 loculos
696 803 880 876 tabulamque
900 805 1011 861 lacerto
1032 821 1078 863 se·

115 885 204 944 clusit
224 884 415 957 Meinekius,
445 903 536 964 quem
556 885 654 945 secuti
675 904 788 947 sumus.
831 884 920 945 Idem
942 886 1079 967 proxime

114 970 313 1048 insequentia
333 969 388 1029 illa
410 969 477 1030 ‘hic
490 988 595 1030 murus
617 969 755 1031 aheneus
777 978 857 1042 esto,
881 970 927 1029 nil
942 971 1079 1031 conscire

115 1053 188 1128 sibi,
217 1053 305 1113 nullu
326 1052 494 1132 pallescere
515 1053 625 1133 culpa'
653 1053 692 1115 ab
714 1054 935 1134 interpolatore
957 1056 1079 1115 venisse

114 1147 213 1217 putat.
249 1136 313 1198 Sed
327 1137 477 1212 videnda,
500 1156 580 1218 quae
602 1138 740 1218 disputat
751 1139 1017 1219 Zangemeisterus
1041 1139 1080 1200 de

114 1223 191 1283 Hor.
214 1242 282 1282 voc.
303 1222 383 1302 sing.
406 1244 458 1303 pg.
474 1224 516 1283 30
530 1240 598 1302 sqq.

178 1307 226 1366 Ih.
243 1307 283 1367 73
298 1325 343 1385 sq.
366 1311 431 1366 olim
452 1310 530 1384 quod
550 1312 648 1383 volpes
675 1314 793 1385 aeproto
819 1316 908 1381 corta
934 1313 1013 1369 leoni
1032 1326 1079 1369 re·

114 1396 245 1466 spondit,
269 1393 400 1465 referam
421 1400 479 1453 etc.
523 1391 611 1452 Haeo
633 1391 672 1452 de
693 1391 812 1452 Lucilio
834 1402 970 1473 sumpta,
993 1395 1080 1453 cuius

115 1477 209 1537 etiam
230 1495 314 1536 nunc
336 1475 374 1535 de
397 1495 434 1536 ea
455 1496 489 1537 re
511 1484 618 1537 extent
639 1477 765 1556 quidam
785 1496 891 1538 versus
913 1485 996 1538 recte
1017 1498 1079 1537 mo-

114 1570 169 1621 net
183 1556 374 1641 Porphyrio:
397 1559 453 1622 sed
475 1580 515 1621 ne
530 1560 581 1620 hic
601 1561 727 1641 quidem
748 1562 863 1641 primus
885 1581 991 1622 verum
1013 1563 1080 1641 ipse

114 1655 147 1705 ut
168 1645 293 1705 Horatii
318 1644 414 1706 verba
441 1665 510 1706 mea
531 1645 642 1706 faciam
668 1645 754 1706 rudis
777 1655 809 1706 et
823 1645 950 1706 Graecis
972 1646 1080 1706 intacti

115 1730 260 1790 carminis
283 1738 389 1790 auctor
409 1730 531 1791 Ennius
552 1732 663 1791 saturis
690 1729 832 1791 adhibuit
857 1731 962 1810 logum
983 1729 1079 1792 Aeso·

114 1817 200 1895 pium
216 1810 271 1894 [cl.
289 1809 507 1896 Gell.11,te].
536 1814 583 1876 llo
606 1817 681 1876 satia
703 1816 883 1895 frequenter
903 1835 976 1876 usus
990 1815 1079 1876 Flac·

115 1920 183 1971 cus,
218 1899 304 1959 unde
329 1919 430 1980 nuper
455 1898 571 1960 Aviani
605 1901 643 1961 cle
671 1920 709 1961 ea
734 1920 769 1961 re
796 1899 897 1960 locum
923 1900 1081 1961 commode

116 1983 356 2046 emendavimus.
402 1983 451 2045 (tf.
474 1993 505 2046 et
526 1984 671 2046 Teuffelii
691 1984 762 2047 hist.
783 1984 805 2045 l.
826 1984 863 2044 L.
886 2004 917 2064 p.
933 1986 984 2046 31.

178 2085 227 2145 Ib.
243 2087 284 2144 91
307 2089 390 2145 viden
412 2094 444 2145 rt
465 2105 520 2165 pro
536 2085 627 2146 ‘ride'
643 2085 761 2163 Bentl.;
785 2084 879 2159 male,
903 2106 976 2146 narn
990 2087 1080 2146 nimis

115 2165 278 2246 ἀρχαϊκῶς
301 2171 452 2250 nimisque
474 2170 615 2245 σεμνῶς.

179 2290 201 2345 1,
218 2271 247 2345 2,
264 2271 314 2346 28,
332 2272 383 2333 29.
404 2269 545 2332 Imitatus
560 2279 607 2332 est
621 2269 740 2331 huson.
756 2270 846 2351 epist.
861 2287 943 2343 vnn,
962 2270 1011 2329 14.
1030 2270 1078 2331 15.

179 2354 227 2418 Ib.
244 2356 282 2415 31
307 2364 468 2416 cessantem
487 2389 530 2399 —
549 2375 677 2416 somnum
695 2355 871 2427 Bentleius,
894 2352 1078 2427 Meinekius,

117 2440 187 2501 cdd.
209 2438 375 2501 ‘cessatum
396 2440 548 2503 somnum’
571 2441 636 2501 sive
659 2438 797 2501 ‘curam'.

150 2614 152 2619 Ι
179 2559 201 2615 1,
218 2541 248 2615 5,
266 2543 316 2602 11.
348 2540 550 2621 Corruptelae
565 2543 688 2621 signum
709 2540 803 2602 adfixi
817 2538 966 2602 vocabulo
982 2538 1079 2621 primo

116 2626 206 2686 huius
229 2645 350 2701 versus,
375 2647 443 2687 curn
458 2647 516 2687 nec
538 2625 708 2687 defendere
729 2626 929 2698 sustinerem,
954 2645 1012 2686 nec
1034 2646 1080 2685 re·

118 2712 219 2790 cipere
248 2711 332 2789 quod
358 2711 475 2791 placuit
495 2711 653 2772 Meinekio
676 2708 865 2783 ‘festivam',
899 2729 961 2770 non
990 2710 1080 2770 modo

117 2797 189 2874 quie
210 2796 349 2874 proxime
369 2797 535 2876 praecessit
556 2796 636 2856 festa
658 2795 737 2869 dies,
761 2794 817 2855 sed
831 2795 904 2874 quia
924 2793 1082 2855 abstinent

117 2881 182 2941 lere
205 2881 352 2960 dactylici
374 2881 526 2942 adiectivo
549 2881 631 2960 quod
654 2889 701 2940 est
722 2879 860 2940 festivus.

179 2980 227 3041 Ib.
246 2983 300 3057 163
325 3001 346 3056 1,
364 2982 392 3055 7,
410 2984 439 3042 6.
462 2981 667 3042 Fleckeiseno
681 2980 826 3040 hortante
849 2976 884 3058 [l.
901 3001 941 3040 nr.
956 3001 1008 3062 pg.
1027 2977 1080 3058 16]

116 3064 201 3125 heud
218 3065 325 3128 'dubie
353 3067 457 3145 recepi
485 3065 679 3146 dissignaudi
706 3065 889 3126 vocabulum
916 3084 972 3146 pro
1002 3065 1081 3126 desi-

118 3149 250 3228 gnandi:
863 3150 866 3153 ’

320 3235 383 3300 quid
400 3251 450 3286 non
467 3235 580 3286 ebrietas
598 3235 745 3301 dissiparat?

321 3304 517 3369 dissignatorem
534 3305 641 3356 decorat
658 3303 788 3356 lictoribus
805 3303 880 3354 etsta.

117 3403 198 3464 Nam
226 3404 286 3466 etsi
308 3405 431 3467 variant
451 3407 588 3481 codices,
616 3410 650 3467 in
672 3425 801 3486 quorum
823 3412 910 3483 parte
937 3402 1081 3462 nimirum

118 3487 315 3551 substitutum
337 3499 384 3552 est
397 3491 523 3552 verbum
543 3511 602 3554 usu
622 3492 828 3572 frequentius,
852 3487 1080 3549 scholiastarum
