2558 4022
96 234 194 309 rur]
504 234 612 290 rmus
633 236 653 294 1.
996 227 1061 293 209

96 397 183 463 Nota
204 395 303 461 refert
323 396 497 461 meretricis
520 397 680 480 acumina,
704 418 798 481 saepe
819 397 982 480 catellam,
1025 409 1060 458 55

96 481 198 565 Saepe
242 480 441 545 eriscslidem
460 484 585 566 raptam
607 481 668 545 sibi
689 480 804 565 flentis
826 482 874 546 uti
895 502 970 545 mox

96 564 194 631 Nulla
214 502 293 629 tides
315 564 439 629 damnis
461 567 606 649 verisque
628 564 790 630 doloribus
812 566 904 630 adsit.

95 648 164 714 Nec
187 649 287 714 semel
307 648 425 713 inrisus
446 649 550 714 triviis
573 650 718 714 attollere
740 653 829 714 curet
853 716 857 722 s

96 732 209 799 Fracto
231 754 322 798 crure
342 732 485 817 planum,
507 734 583 799 lieet
603 733 652 801 illi
672 733 811 818 plurima
831 736 939 799 manet

96 817 254 901 Lacrima,
277 837 335 902 per
356 820 501 882 sanctum
522 818 644 884 iuratus
666 818 751 882 dieat
772 818 904 883 Osirim:
1025 831 1059 880 oo
1135 832 1136 835 ’

96 900 252 985 ‘credits
274 921 342 966 non
362 900 454 986 ludo3
477 901 619 967 crudeles
641 902 744 967 tollite
766 902 935 967 claudum'

96 984 231 1062 ‘Quaere
252 987 469 1073 peregrinum'
489 987 607 1052 ricinia
628 1007 722 1053 rauce
743 988 904 1054 reclamet.

499 1160 652 1170 ..ρ-*-

509 1274 639 1353 XVHI.

95 1407 131 1474 Si
144 1408 233 1473 -bene
255 1409 288 1473 te
309 1408 399 1490 novi,
422 1410 559 1491 metues,
581 1407 741 1473 liberrime
762 1407 846 1474 Lolli
852 1458 862 1492 ,

96 1491 277 1557 Scurrantis
299 1493 437 1577 speciem
459 1492 623 1577 praebere,
646 1492 809 1591 professus
830 1493 976 1559 amioum.

96 1576 141 1647 Vt
161 1580 308 1642 matrona
328 1577 487 1642 meretrici
510 1575 557 1641 dis
581 1598 617 1641 ur
638 1580 699 1642 ent
718 1579 814 1660 atque

96 1659 259 1744 Discolor,
281 1661 381 1725 infido
403 1681 529 1727 scurrae
575 1662 683 1726 'stabit
702 1661 832 1728 amicus.

95 1745 252 1811 Esthuic
274 1744 433 1811 diversum
453 1746 532 1811 vitio
553 1746 666 1811 vitium
686 1767 786 1831 prope
808 1747 925 1831 maius,
1039 1759 1057 1809 5

96 1829 262 1913 Asperitas
285 1830 420 1915 agrestis
442 1833 475 1894 et
495 1830 689 1896 inconcinna
749 1832 893 1916 ovisque,

95 1913 184 1990 Quae
206 1935 240 1978 se
261 1913 463 1979 commendat
482 1917 576 1980 tonsa
596 1919 681 1998 cute,
705 1853 852 1980 ddutibus
874 1917 966 2000 stris,

94 1997 182 2062 Dum
203 1998 272 2062 vult
292 1998 423 2063 libertas
446 1997 509 2063 diei
530 2020 617 2064 mers
637 2020 772 2083 veraque
792 2000 903 2065 virtus.

95 2080 207 2147 Virtus
230 2085 279 2147 est
298 2083 438 2148 medium
459 2083 609 2148 vitiorum
630 2086 663 2149 et
682 2083 841 2167 utrimque
862 2084 1035 2150 reductum.

95 2166 189 2232 Alter
208 2166 245 2230 in
266 2167 452 2251 obsequium
472 2167 545 2251 plus
567 2188 667 2250 aequo
688 2187 808 2314 pronus
829 2169 862 2232 et
881 2169 940 2233 imi
1025 2180 1058 2232 10

95 2252 225 2316 Derisor
246 2251 335 2334 lecti,
358 2252 405 2316 sic
424 2255 538 2317 nutum
560 2251 666 2316 divitis
712 2255 811 2335 erret,

94 2334 150 2400 Sic
171 2336 266 2399 iterat
286 2355 380 2400 voces
402 2338 435 2401 et
455 2335 552 2400 verba
573 2335 718 2401 cadentia
738 2335 838 2419 tollit,

95 2417 143 2484 Vt
162 2440 297 2503 puerum
318 2440 412 2485 saevo
435 2419 543 2485 credas
569 2418 688 2484 dietata
708 2421 862 2505 magistro

94 2501 255 2586 Reddere,
276 2503 327 2569 vel
348 2506 454 2588 partes
475 2505 607 2569 mimum
628 2506 765 2569 truciore
787 2503 956 2592 secundam

94 2587 190 2652 Alter
209 2588 331 2653 rixatur
352 2588 392 2653 de
413 2589 487 2653 lana
507 2610 602 2673 saepe
623 2589 766 2674 caprina,
1025 2603 1057 2653 15

93 2671 182 2758 Prop
251 2676 285 2737 at
304 2673 400 2758 nugis
423 2676 576 2738 armatus:
600 2673 748 2758 seilicet,
770 2676 806 2739 ut
825 2694 893 2739 non

94 2755 146 2821 Sit
159 2757 202 2821 m'
228 2757 357 2840 iprima
376 2756 455 2822 fides
470 2760 516 2841 et,
539 2779 612 2822 vere
626 2757 711 2842 quod
732 2758 850 2842 placet,
872 2760 908 2822 ut
927 2779 995 2824 non

93 2840 224 2908 Acriter
245 2841 391 2925 elatrem,
413 2842 551 2925 pretium
572 2844 657 2909 aetas
680 2842 779 2906 altere
801 2841 930 2907 sordeo

92 2925 281 3010 Ambigitur
303 2926 378 3009 quid
398 2925 505 2990 enim?
543 2924 657 2992 Castor
681 2926 760 3075 solist
779 2947 821 2992 an
839 2925 994 2991 Dolichos

739 3030 788 3076 us·

93 3092 301 3159 Bassorum
323 3094 445 3160 Minue
466 3095 579 3160 merus
601 3096 653 3160 aa
673 3032 768 3160 odias
781 3062 830 3160 'an
854 3096 948 3183 Appi.
1023 3110 1058 3160 20

92 3176 197 3254 Quem
219 3177 373 3243 damnosa
386 3201 500 3262 venus,
522 3201 616 3263 quem
637 3201 788 3264 praeceps
803 3182 872 3244 alea
884 3181 993 3265 nudat,

92 3258 207 3326 Gloria
228 3284 322 3346 quem
344 3284 440 3347 supra
460 3264 542 3328 vires
565 3267 597 3328 et
617 3264 713 3328 vestit
735 3268 767 3328 et
787 3265 915 3348 unguit,

92 3344 197 3421 Quem
219 3349 309 3413 tenet
330 3348 454 3432 argenti
477 3348 547 3412 sitis
568 3349 743 3432 inportuna
762 3347 939 3430 famesque,

91 3428 197 3505 Quem
242 3432 416 3515 aupertatis
437 3432 540 3516 pudor
560 3436 593 3496 et
613 3433 704 3518 fuga,
727 3432 814 3496 dives
837 3432 970 3516 amicus

91 3512 197 3599 Saepe
218 3452 329 3583 decem
351 3516 436 3581 vitiis
458 3517 656 3600 instructior,
680 3517 748 3581 odit
769 3519 802 3580 et
821 3514 945 3600 horret,
1023 3528 1058 3580 25

144 3616 275 3660 florimvs
873 3623 904 3671 14
