2610 4028
177 230 240 298 130
355 196 360 205 ⁸
551 230 764 287 1111111111
1095 234 1144 306 [11.

240 396 332 475 Quod
359 395 509 490 pulchree
531 395 656 477 clunes,
683 393 779 460 breve
806 393 891 491 quod
913 398 1022 480 caput,
1045 395 1149 463 ardua

189 581 223 632 00
236 566 308 633 Hoc
329 565 378 631 illi
399 569 499 649 reete3
520 585 562 629 ne
584 584 621 629 oo
681 563 726 629 ris
748 498 1009 647 opibixbpcu

239 649 464 735 contemplere
485 648 602 731 oculis,
629 676 630 679 ¹
658 667 777 732 ypsaea
798 647 922 712 caecior
942 648 1013 731 ille,

239 735 327 812 Quae
347 735 432 800 mala
453 735 542 816 sunt,
570 735 703 816 spectes.
751 730 791 797 Ὀ
820 752 908 816 orus,
935 753 954 796 o
981 732 1147 800 brachial’

237 904 398 991 Depugis,
419 906 546 985 nasuta,
568 901 657 965 brevi
678 814 939 985 latereiibmpiide
960 901 1101 988 longost

169 1022 171 1025 ·
238 988 406 1053 Matronae
427 989 553 1071 praeter
573 985 689 1050 faciem
709 984 758 1048 nil
779 1005 908 1050 cernere
928 986 1047 1069 possis,

187 1087 220 1139 05
237 1072 364 1155 Cetera,
383 1072 421 1136 ni
443 1069 579 1152 Gatiast,
602 1069 739 1134 demisse
761 1071 849 1135 veste
869 1070 1018 1155 tegentis.

237 1156 272 1222 Si
293 1155 464 1221 interdicte
483 1157 589 1238 petes,
610 1154 695 1218 vallo
718 1153 928 1236 circumdata,
949 1166 1026 1223 nem
1045 1157 1079 1220 te

235 1240 309 1306 Hoc
329 1239 409 1305 fecit
427 1240 592 1322 insenum,
613 1238 732 1303 multae
754 1238 814 1301 tibi
835 1240 904 1302 tum
919 1237 1063 1304 officient
1075 1260 1142 1323 ree,
1237 1330 1249 1337 ,

236 1323 407 1407 Custodes,
429 1324 557 1408 lectica,
580 1322 758 1405 ciniflones,
780 1322 952 1407 perantes,

234 1408 287 1472 Ad
308 1409 391 1474 talos
414 1408 498 1474 stole
519 1407 657 1473 demisse
677 1411 712 1471 et'
731 1406 924 1473 circumdete
944 1406 1046 1493 palla,

172 1507 222 1558 100
235 1493 392 1577 Plurima,
435 1514 495 1557 uee
516 1491 680 1575 invideant
704 1512 784 1574 pure
805 1491 955 1574 adparere
976 1491 1037 1556 tibi
1058 1513 1140 1557 rem.

234 1578 347 1642 Alere
409 1578 416 1592 ’
452 1577 572 1642 obstat:
595 1575 669 1642 Cois
691 1575 750 1641 tibi
778 1597 880 1661 paene
900 1574 1039 1639 viderest

233 1660 279 1726 Vt
298 1627 433 1745 nudam,
453 1683 496 1726 ne
517 1681 607 1727 crure
628 1659 729 1743 melo,
752 1681 793 1724 ne
815 1659 857 1723 sit
876 1659 957 1743 pede
977 1660 1080 1745 tu1pi;

233 1744 342 1811 Metiri
361 1745 467 1829 possis
489 1745 581 1810 oculo
603 1744 697 1808 latua
740 1745 795 1809 An
815 1744 876 1808 tibi
895 1743 997 1809 mavis

232 1828 370 1893 Insidias
391 1829 461 1894 fieri
482 1828 681 1925 pretiumque
703 1827 837 1893 avellier·
853 1831 929 1892 ente
1088 1885 1092 1890 .

170 1926 220 1977 loo
235 1912 337 1988 Quem
358 1933 496 1978 meroem
511 1912 657 1978 ostendi?
684 1911 852 2009 ‘Leporem
868 1914 1000 1977 venator
1013 1916 1050 1978 ut
1071 1913 1139 1978 alta

232 1996 273 2061 In
292 1998 367 2062 nire
389 1999 541 2080 sectetur,
562 1997 704 2080 positum
726 2017 772 2061 s1e
792 1998 924 2083 tangere
944 1997 1054 2079 nolit,’

232 2080 350 2147 canuc
361 2085 394 2146 et
408 2081 543 2166 adponit
552 2084 653 2146 ‘meus
664 2083 714 2144 est
723 2101 812 2145 emor
825 2079 899 2145 huic
914 2080 1043 2147 similis:
1059 2102 1140 2146 nam

232 2163 422 2230 Transvolet
442 2166 478 2230 in
498 2165 603 2230 medio
625 2165 731 2249 posita
752 2167 785 2229 et
805 2164 962 2250 fugientia
980 2168 1114 2248 captet?

230 2248 363 2316 Hiscine
385 2250 550 2316 versiculis
571 2270 681 2333 speras
702 2248 763 2313 tibi
784 2268 879 2333 posse
900 2249 1025 2314 dolores

168 2347 219 2398 110
232 2334 339 2419 Atque
362 2338 468 2400 aestus
491 2355 643 2418 curasque
664 2353 779 2419 graves
802 2355 819 2397 c
839 2335 969 2416 pectore
988 2333 1085 2398 tolli?

230 2416 364 2500 Nonne,
387 2418 587 2502 cupidinibus
606 2420 727 2483 statuat
744 2419 860 2481 natura
877 2416 1007 2481 modum
1027 2438 1137 2502 quem,

231 2501 315 2577 Quid
335 2501 440 2565 latura
461 2502 538 2585 sibi,
582 2502 637 2567 uid
659 2502 702 2566 sit
724 2501 861 2566 doliture
880 2504 1032 2586 negatum
1037 2549 1048 2585 ,

231 2584 388 2660 Quaerere
408 2585 481 2682 plus
503 2523 635 2669 prodest
649 2590 681 2651 et
702 2585 798 2651 inene
820 2584 1004 2651 abscindere
1019 2585 1135 2654 coldo?

230 2668 334 2752 Num,
356 2669 417 2733 11111
439 2690 511 2747 cum
532 2670 640 2736 fauces
660 2671 726 2735 urit
746 2670 833 2752 sitis,
855 2690 949 2734 auree
969 2670 1096 2753 quaeris

167 2764 217 2815 115
232 2752 375 2818 Pocula?
396 2775 475 2818 num
497 2754 639 2819 esuriens
660 2753 786 2819 fastidis
808 2754 917 2818 omnia
937 2756 1064 2837 praeter
1171 2770 1173 2773 ·

228 2836 391 2902 Pavonem
405 2837 658 2923 rhombumque?
681 2837 819 2903 Tument
831 2838 892 2902 tibi
903 2859 975 2935 cum
984 2837 1134 2922 inguine,

773 2943 852 2986 num
890 2944 918 2986 11

228 3005 357 3069 Ancilla
370 3009 425 3071 eut
439 3009 567 3071 remeat
580 3009 707 3091 praesto
721 3027 815 3104 puer,
835 2971 972 3091 irirpetus
986 3006 1022 3069 in
1037 3026 1137 3090 quem

229 3087 391 3154 Continuo
412 3090 484 3173 flat,
506 3091 598 3155 melis
619 3091 699 3155 ten'
760 3112 777 3155 e
798 3089 926 3174 rumpi?

227 3171 305 3238 Non
326 3195 403 3259 ego:
434 3195 572 3259 nemque
596 3175 704 3258 pereb‘
719 3196 864 3322 emlamo
885 3194 1034 3239 venerem
1055 3173 1135 3240 faei-

786 3280 835 3324 em
858 3280 907 3323 ue.

164 3340 323 3405 1101111111
345 3341 434 3407 ‘Post
478 3342 592 3426 eullo’3
615 3342 690 3407 ‘Sed
711 3280 858 3427 pluris’3q
866 3341 913 3407 ‘si
935 3342 1050 3407 exierit
1070 3342 1134 3407 vir’

95 3449 102 3462 ’
228 3423 339 3510 Gallis,
353 3364 650 3491 hmclihilodemus
661 3427 707 3489 eit
717 3427 788 3510 sibi,
804 3448 885 3510 quae
893 3447 997 3510 neque
1009 3448 1134 3524 magno

227 3505 298 3573 Stet
317 3509 421 3594 pretio
444 3529 547 3593 neque
569 3512 748 3595 cunctetur,
777 3513 881 3576 cumst
901 3510 990 3575 iussa
1010 3533 1135 3578 venne.
