2558 4022
375 242 464 301 vsrs
479 242 510 311 o.
524 242 677 300 nouam
690 243 825 303 macor
1018 239 1081 307 243
1137 221 1139 225 ’

117 433 201 475 mere
222 412 349 487 feceris,
373 414 519 492 quoniam
540 412 574 472 id
594 431 667 472 usus
689 411 763 472 mihi
784 420 885 474 tecum
907 432 972 476 esse
986 415 1081 489 volui,

117 501 143 558 si
164 516 222 578 per
243 497 454 559 valetudinem
475 505 560 556 tuam
580 497 647 558 lieri
668 496 793 576 possit’.
824 507 855 558 et
875 518 995 561 rursus:
1019 499 1082 560 ‘tui

117 584 239 662 qualem
253 582 385 643 habeam
400 582 590 655 memoriam,
613 581 729 660 poteris
745 600 784 643 ex
797 580 945 662 Septimio
960 603 1082 665 quoque

116 676 220 727 nostro
249 667 371 742 audire3
401 685 474 725 nam
495 664 606 724 incidit
626 673 662 724 ut
682 665 736 725 illo
759 685 859 726 coram
879 668 966 728 fieret
992 690 1012 730 a
1033 689 1081 730 me

116 753 161 811 tui
182 753 308 811 mentio.
337 770 440 830 neque
462 751 544 810 enim
565 751 591 809 si
615 758 649 808 tu
670 749 821 829 superbus
843 753 1006 812 amicitiam
1026 774 1080 813 uo-

115 844 209 896 stram
230 836 387 915 sprevisti,
411 834 482 895 ideo
497 852 554 893 noa
575 852 698 913 quoque
719 827 1079 912 ἀνθυπερηφανοῦμεν’.

115 928 277 999 praeterea
290 939 384 999 saepe
405 919 488 979 inter
509 919 587 978 alios
609 920 693 978 iocos
708 920 903 998 purissimum
916 941 1029 1001 penem
1050 931 1081 982 et

115 1005 350 1065 homuncionem
371 1003 594 1082 lepidissimum
616 1002 768 1082 adpellat,
791 1022 915 1083 unaque
938 1007 1081 1067 etaltera

114 1089 301 1149 liberalitate
315 1089 525 1168 locupletavit.
547 1088 663 1167 scripta
673 1088 798 1168 quidem
812 1090 877 1149 eius
891 1091 1079 1170 usqueadeo

114 1172 258 1252 probavit
286 1192 490 1252 mansuraque
519 1180 670 1252 perpetuo
699 1173 842 1251 opinatus
864 1182 925 1249 est,
954 1184 989 1234 ut
1015 1196 1079 1235 non

114 1257 205 1318 modo
228 1258 386 1318 saeculare
408 1276 530 1316 carmen
553 1257 791 1336 conponendam
812 1258 995 1332 iniunxerit,
1024 1260 1079 1321 sed

115 1349 146 1401 et
160 1342 356 1402 Vindelicum
376 1342 536 1403 victoriam
556 1340 676 1401 Tiberii
690 1341 847 1421 Drusique
868 1344 1080 1422 privignorum

114 1445 252 1499 suorum,
277 1445 408 1506 eumque
430 1425 565 1504 coegerit
578 1434 705 1505 propter
718 1424 777 1485 hoo
791 1426 888 1485 tribus
911 1429 1078 1487 carminum

113 1511 200 1571 libris
216 1510 362 1589 exlongo
384 1510 547 1571 intervallo
562 1518 705 1588 quartum
726 1509 855 1570 addere:
878 1520 949 1590 post
965 1532 1078 1572 sermo-

114 1615 169 1654 nes
184 1614 258 1654 vero
273 1594 422 1675 quosdam
434 1594 530 1654 lectos
545 1593 662 1654 nullam
676 1595 725 1654 sui
739 1596 927 1654 mentionem
942 1595 1079 1657 habitam

113 1679 158 1741 ita
178 1681 218 1739 sit
233 1688 358 1759 questus
381 1679 488 1738 ‘irasci
509 1699 558 1738 me
579 1678 637 1738 tibi
651 1680 743 1753 scito,
767 1679 851 1758 quod
873 1699 936 1738 non
958 1681 992 1739 in
1013 1681 1077 1760 ple-

113 1765 217 1842 risque
245 1762 395 1824 eiusmodi
421 1764 541 1842 scriptis
569 1783 688 1823 mecum
713 1763 906 1842 potissimum
932 1763 1077 1843 loquaris.

113 1868 153 1907 an
169 1849 293 1922 vereris,
317 1868 357 1908 ne
376 1848 459 1926 apud
473 1855 612 1926 posteros
634 1848 750 1909 infame
771 1846 829 1908 tibi
851 1849 905 1921 sit,
928 1849 1012 1927 quod
1033 1851 1077 1908 vi·
1153 1923 1155 1927 .

114 1932 215 1993 dearis
231 1933 389 1992 familiaris
403 1931 493 1991 nobis
513 1931 623 1992 esse?'
647 1934 859 2012 expressitque
881 1931 1017 2012 eclogam
1038 1933 1079 1993 ad

112 2035 146 2077 se
168 2017 254 2077 cuius
276 2017 398 2077 initium
420 2025 479 2076 est:

214 2146 274 2182 cum
292 2135 334 2183 tot
352 2132 488 2182 sustineas
506 2135 534 2182 et
552 2133 757 2196 tantamegotia
774 2131 862 2196 solus,

213 2214 256 2250 res
273 2199 358 2250 Italas
376 2200 459 2250 armis
475 2199 587 2262 tuteris,
598 2199 727 2250 moribus
745 2214 840 2262 ornes,

213 2266 321 2330 legibus
339 2266 478 2318 emendes:
496 2267 526 2316 in
543 2266 651 2332 publica
669 2266 805 2316 commoda
821 2281 945 2332 peccem,

214 2333 239 2385 si
256 2333 338 2398 longo
357 2349 477 2386 sermone
495 2348 582 2385 morer
599 2338 647 2384 tua
664 2337 798 2399 tempora,
817 2334 924 2384 Caesar.

110 2434 259 2497 Horatius
273 2436 382 2499 habitu
397 2437 532 2516 corporis
547 2436 607 2495 fuit
620 2436 724 2496 brevis
744 2444 837 2516 atque
851 2436 977 2513 obesus3
1001 2456 1078 2516 qua·

109 2522 149 2581 lis
165 2530 195 2581 et
210 2542 229 2581 a
244 2529 341 2582 semet
361 2523 427 2601 ipso
451 2523 484 2580 in
499 2522 601 2581 satiris
624 2520 807 2581 describitur
829 2528 860 2581 et
881 2521 920 2580 ab
934 2520 1075 2600 Augusto

109 2605 168 2665 hac
197 2606 329 2685 epistula
362 2605 507 2685 ‘pertulit
528 2604 569 2664 ad
590 2624 638 2665 me
661 2603 798 2686 Onysius
819 2605 958 2666 libellum
979 2615 1074 2679 tuum,

109 2708 202 2768 quem
224 2710 296 2769 ego,
319 2699 355 2749 ut
376 2698 581 2762 excusantem,
606 2689 902 2770 quantuluscumque
918 2698 978 2762 est,
998 2690 1077 2749 'boni

109 2774 246 2834 consulo.
275 2775 376 2834 vereri
397 2783 500 2834 autem
514 2774 589 2833 mihi
610 2773 739 2847 videris,
762 2794 802 2834 ne
824 2773 955 2834 maiores
976 2772 1077 2833 libelli

107 2860 156 2917 sui
177 2859 254 2931 siut,
285 2877 376 2938 quarn
397 2858 464 2938 ipse
486 2878 529 2918 es.
559 2857 618 2918 sed'
636 2857 664 2917 si
685 2857 742 2917 tibi
763 2865 882 2931 statura
904 2857 985 2931 dest,
1010 2877 1075 2920 cor·

107 2942 270 3020 pusculum
297 2963 360 3003 non
384 2942 461 3002 dest.
496 2940 603 3021 itaque
629 2941 735 3001 licebit
761 2942 795 3000 iu
816 2941 981 3002 sextariolo
1003 2942 1075 3000 sori-

107 3026 178 3086 bas:
195 3045 256 3106 quo
271 3026 415 3086 circuitus
430 3027 593 3086 voluminis
608 3027 655 3085 tui
669 3027 709 3085 sit
724 3020 978 3099 ὀγκωδέστατος,
996 3025 1076 3085 sicut

108 3119 155 3170 est
168 3111 334 3171 ventriculi
349 3112 422 3170 tui'.
452 3110 531 3170 vixit
545 3109 709 3187 plurimum
730 3111 763 3175 iu
784 3129 907 3171 secessu
927 3111 1005 3168 ruris
1027 3111 1076 3169 sui

107 3193 218 3255 Sabini
239 3203 294 3255 aut
313 3194 486 3255 Tiburtini:
518 3194 685 3274 domusque
707 3195 772 3254 eius
801 3193 973 3254 ostenditur
995 3195 1076 3252 circa

106 3278 241 3339 Tiburni
266 3278 413 3339 luculum.
448 3286 604 3338 venerunt
630 3279 663 3336 iu
690 3296 799 3337 manus
826 3296 908 3337 meas
936 3284 967 3335 et
994 3276 1075 3354 elegi

105 3362 164 3422 sub
185 3363 276 3423 titulo
299 3364 379 3435 eius,
404 3370 435 3422 et
457 3361 588 3441 epistula
602 3381 693 3441 prosa
715 3363 867 3435 oratione,
892 3361 981 3438 quasi
996 3380 1074 3418 com-

105 3447 282 3508 mendantis
297 3466 331 3508 se
344 3446 534 3507 Maecenati:
558 3445 765 3524 sed-utraque
787 3439 867 3505 falsa
888 3452 974 3524 puto.
1003 3463 1075 3502 nam

105 3532 187 3610 elegi
209 3531 366 3611 volgares,
396 3530 529 3612 epistula
552 3530 644 3590 etiam
666 3529 809 3591 obscura:
839 3549 899 3608 quo
920 3528 997 3589 vitio
1019 3529 1074 3587 mi-

864 3625 922 3677 16*
