2558 4022
3 1520 4 1539 2
124 1476 195 1542 Nec
205 1477 332 1541 veniam
343 1476 559 1561 ant1quie,sed

123 219 157 291 a]
519 166 626 274 unna
648 219 683 276 11.
1026 214 1088 281 217

126 379 171 446 Vt
191 378 275 445 nihil
296 379 467 463 anteferat,
489 380 571 447 nihil
592 381 656 446 illis
677 385 843 467 conparet:
865 386 963 469 errat3
1057 395 1090 446 oo

126 464 162 530 si
183 464 338 549 quaedam
359 465 455 529 nimis
477 465 622 549 antique,
645 466 672 531 si
693 467 844 551 pleraque
866 466 942 533 dure

125 549 240 615 Dicere
262 548 363 614 credit
385 570 455 632 eos,
480 549 487 562 ’
535 571 593 615 ave
614 551 716 615 multa
735 551 871 634 fatetur,

125 632 171 699 Et
193 634 277 718 sapit
298 637 331 698 et
349 653 475 698 mecum
510 635 573 699 acit
594 636 627 699 et
646 633 722 700 love
744 635 862 700 iudicat
883 657 993 720 aequo.

125 717 203 783 Non
224 717 370 801 equidem
391 718 532 782 insector
553 719 726 784 delendave
747 720 888 785 carmina
909 720 980 785 Livi

125 801 206 867 Esse
227 823 314 884 reor,
337 802 469 866 memini
511 824 571 867 uae
592 804 762 889 plagosum
782 804 862 869 mihi
882 825 981 889 parvo
1056 817 1091 867 'lo

127 886 284 952 Orbilium
306 886 439 971 dictare3
463 823 519 951 seb
541 888 707 953 amendata
727 888 828 953 videri

125 969 326 1054 Pulchraque
347 974 381 1036 et
402 971 522 1036 exactis
543 972 711 1038 minimum
733 970 887 1038 distantia
907 972 1014 1037 miror.

125 1054 215 1120 inter
236 1076 316 1139 quae
337 1054 469 1119 verbum
492 1056 621 1122 emicuit
643 1057 671 1121 si
691 1058 774 1122 forte
795 1058 946 1123 decorum
967 1061 1011 1121 et·

126 1138 161 1205 Si
183 1161 291 1205 versus
313 1139 420 1223 paullo
443 1139 630 1205 concinnior
650 1162 732 1208 unus
754 1145 787 1206 et
808 1142 901 1207 alter:

125 1222 248 1288 Iniuste
269 1226 374 1310 totum
396 1224 484 1289 ducit
505 1224 675 1308 venditque
695 1247 818 1310 poema.
1056 1238 1089 1288 tc

125 1306 283 1393 Indignor
304 1309 473 1392 quicquam
493 1308 699 1395 reprehendi,
721 1331 787 1376 non
809 1311 884 1395 quia
906 1330 1009 1376 crasse

127 1391 339 1477 Conpositum
359 1392 537 1490 inlepideve
558 1397 701 1542 pptetrn,
724 1394 780 1542 sepl
802 1396 876 1478 quia
891 1416 1017 1492 nuper,

593 1498 753 1543 onoreme
778 1498 1030 1562 praem1aposc1.

3 1615 4 1629 ,
124 1559 225 1627 Recte
246 1581 347 1626 necne
371 1583 499 1627 crocum
519 1561 675 1646 floresque
696 1562 894 1647 perambulet
914 1563 1012 1626 Attae

3 1636 5 1725 ἶ
124 1644 248 1710 Fabula
269 1645 297 1710 si
319 1644 475 1730 dubitem,
498 1646 637 1712 alemant
656 1648 790 1731 periisse
810 1647 964 1732 pudorem
1055 1658 1090 1709 80

3 1740 5 1803 l
126 1728 242 1796 Camcti
262 1750 364 1813 paene
384 1732 506 1814 patres,
529 1752 568 1795 ea
583 1752 654 1796 cum
670 1731 901 1816 reprehendere
915 1751 1025 1814 coner,

3 1860 4 1885 ,
126 1813 215 1890 Quae
236 1814 344 1911 gravis
365 1815 526 1899 Aesopus,
549 1836 629 1899 quae
651 1815 763 1883 doctus
784 1815 920 1881 Roscius
941 1816 1026 1901 egit:

123 1896 187 1963 Vel
202 1920 276 1982 quia
289 1898 337 1962 nil
351 1901 483 1981 rectum,
498 1900 562 1964 nisi
576 1900 661 1983 qnod
675 1900 796 1984 placuit
810 1900 881 1984 sibi,
896 1901 1025 1982 ducunt,

123 1980 188 2047 Vel
230 1983 284 2047 uia
303 1986 396 2067 turpe
417 1986 533 2067 putant
552 2005 664 2069 parere
678 1985 854 2049 minoribus
860 2032 869 2068 ,
893 1988 925 2049 et
946 2006 1026 2069 quae

3 2076 5 2105 ἓ
124 2065 222 2131 Inber
244 2067 256 2131 i
278 2066 431 2149 didicere,
453 2087 545 2132 senes
566 2060 727 2151 perdenda
748 2069 850 2133 fateri.
1054 2079 1089 2131 85

3 2170 5 2217 l
124 2149 195 2215 Iam
217 2149 338 2216 Saliare
358 2150 485 2216 Numae
507 2172 637 2217 carmen
658 2152 712 2236 qui
735 2152 843 2216 laudat
864 2155 897 2216 et
916 2151 1011 2233 illud,

126 2233 219 2310 Quod
240 2256 365 2300 mecum
387 2236 398 2299 i
446 2239 530 2319 orat,
553 2236 639 2300 eolus
661 2236 730 2301 volt
750 2236 830 2300 scire
852 2235 967 2320 videri,

124 2317 269 2404 Ingeniis
290 2340 357 2383 non
378 2319 433 2384 ile
454 2321 541 2384 favet
561 2320 746 2405 plauditque
769 2320 917 2405 sepultiS,
1150 2399 1153 2404 Ι

125 2402 248 2468 Nostra
269 2402 325 2468 aed
346 2403 520 2553 inpugnat,
542 2424 602 2469 nos
622 2408 794 2488 nostraque
816 2403 932 2469 lividus
954 2403 1031 2469 odit.

127 2486 219 2565 Quod
241 2487 269 2552 si
290 2490 358 2553 tam
408 2489 510 2553 raecie
531 2489 656 2553 novitas
677 2489 781 2554 invisa
801 2489 915 2554 luisset
1056 2502 1092 2551 ao

126 2570 229 2646 Quam
255 2572 364 2656 nobie,
397 2572 473 2656 quid
499 2593 585 2638 nune
611 2576 697 2638 esset
722 2573 836 2648 vetus?
869 2576 926 2638 aut
951 2573 1027 2658 quid

126 2739 218 2816 Quod
233 2741 364 2838 ‘legeret
384 2743 561 2825 tereretque
583 2742 703 2807 viritim
724 2657 878 2839 piriblibbts’
892 2740 990 2806 usus?

123 2824 170 2889 Vt
191 2846 330 2909 primum
351 2825 465 2910 positis
486 2827 601 2911 nugari
624 2825 758 2891 Graecia
778 2825 871 2891 bellis

124 2906 241 2993 Coepit
262 2913 295 2974 et
316 2910 351 2974 in
365 2910 479 2975 vitium
500 2910 630 2975 fortuna
650 2910 750 2975 labier
765 2930 883 2994 aequa,

123 2992 219 3059 Nunc
241 2991 434 3058 athletarum
456 2994 568 3064 studiis
590 3015 676 3059 nunc
698 2995 776 3061 arsit
798 3014 965 3079 equorum,
1057 3004 1092 3054 95

123 3075 294 3142 Marmoris
316 3081 372 3142 aut
393 3078 498 3143 eboris
520 3078 627 3143 fabros
649 3083 705 3143 aut
726 3079 807 3144 aeris
830 3077 963 3162 amavit,

54 3208 63 3211 -
124 3159 298 3246 Suspendit
319 3162 406 3245 picta
426 3162 548 3226 voltum
569 3166 771 3247 mentemque
792 3163 924 3244 tabella,
1007 3196 1012 3199 ·
1077 3234 1080 3239 ,

121 3243 219 3312 Nunc
240 3245 443 3331 tibicinibus,
465 3250 624 3313 nunc-est
667 3248 754 3312 avisa
774 3249 825 3311 tra
849 3245 953 3329 oedis3

123 3327 190 3394 Sub
211 3331 338 3395 nutrice
359 3330 467 3416 puella
487 3331 576 3394 velut
596 3330 624 3396 ai
643 3268 769 3396 luderet
792 3332 797 3343 '
838 3351 911 3413 ans,

123 3413 218 3490 Quod
241 3414 355 3500 cupide
374 3414 484 3563 petiit,
507 3416 631 3480 mature
651 3415 747 3499 plena
767 3414 905 3496 reliquit
1042 3424 1093 3476 100

120 3495 194 3564 Hoc
215 3520 311 3584 paces
332 3498 375 3564 ha
397 3518 471 3565 uere
493 3498 597 3564 bonae
618 3499 768 3583 ventique
790 3496 930 3563 secundi.
