2610 4028
123 223 210 295 vin]
519 224 626 279 araas
646 224 681 280 n.
900 270 915 321 4
1030 219 1143 319 183,
1229 230 1231 245 ·

123 386 159 452 Si
180 385 326 469 memini,
349 383 479 469 Varius,
503 407 575 451 cum
598 385 731 452 Servilio
753 386 944 465 Balatrone>

123 469 287 553 Vibidius,
309 490 386 553 quas
407 469 574 535 Maecenas
597 470 770 535 adduxerat
790 472 928 537 umbras.

122 553 346 620 Nomentanus
368 557 436 620 erat
458 575 495 618 su
518 576 552 619 er
573 555 692 639 ipsum,
714 555 845 621 Porcius
867 557 965 640 infra,

21 702 23 713 ,
122 637 290 703 Ridiculus
310 638 396 702 totas
418 577 516 702 simuiJ
535 639 705 703 absorbere
726 640 900 723 placentae.

123 722 344 788 Nomentanus
367 721 504 804 adhoc,
527 723 723 807 qui,siquid
744 723 827 793 sorte
848 724 976 806 lateret,
1055 737 1088 786 25

122 805 232 872 lndice
254 808 449 871 monstraret
471 806 588 892 digito:
609 829 685 871 nam
707 811 811 872 cetera
832 809 940 890 turba,

120 890 209 974 Noe,
230 891 377 988 inquam,
400 912 549 956 cenamus
571 912 660 974 eves,
684 890 865 976 conchylia,
887 892 1004 976 pisces,

123 975 236 1059 Longe
257 974 444 1040 dissimilem
464 978 543 1040 noto
565 976 702 1041 celantia
723 997 849 1058 sucum,

123 1057 169 1124 Vt
189 1060 243 1123 vel
263 1059 415 1124 continuo
436 1061 555 1143 patuit,
579 1081 651 1125 cum
670 1062 810 1144 passeris
832 1063 926 1145 etque

123 1142 294 1229 Ingustata
314 1143 394 1209 mihi
415 1148 599 1226 porrexerat
619 1143 675 1208 ilia
694 1145 830 1210 rhombi.
1055 1159 1089 1208 30

123 1226 203 1291 Post
223 1225 285 1292 hoc
307 1248 358 1291 me
379 1227 501 1310 docuit,
524 1228 684 1293 melimela
704 1229 817 1294 rubere
838 1230 995 1295 minorem

21 1380 23 1385 ‚
125 1310 177 1375 Ad
198 1310 307 1376 lunam
329 1310 461 1376 delecta.
506 1312 589 1388 Quid
610 1312 673 1377 hoc
694 1313 834 1397 intersit,
857 1314 989 1399 abipso

123 1394 273 1459 Audieris
294 1396 416 1461 melius.
461 1394 542 1461 Tum
563 1395 711 1461 Vibidius
732 1396 914 1463 Balatroni:

21 1494 22 1499 ’
124 1476 205 1543 ‘Nos
227 1478 290 1543 nisi
312 1479 464 1544 damnose
484 1480 638 1564 bibimus,
660 1481 832 1545 moriemur
852 1483 974 1566 inulti,’

21 1604 24 1647 Ι
123 1561 168 1626 Et
190 1563 303 1628 calices
348 1563 430 1628 oscit
450 1564 597 1630 maiores.
641 1563 775 1630 Vertere
799 1566 903 1649 pallor
1055 1580 1088 1630 35

21 1666 23 1695 ἢ
124 1645 207 1711 'lum
227 1667 305 1731 paro
347 1648 511 1731 ifaciem,
534 1648 581 1713 nil
603 1650 649 1712 sio
670 1650 842 1716 metuentis
864 1653 900 1714 ut
921 1671 1009 1717 aeres

125 1729 273 1814 Potores,
295 1732 345 1796 vel
367 1732 452 1815 quod
472 1732 668 1797 maledicunt
691 1733 821 1798 liberius
843 1734 894 1798 vel

21 1864 22 1877 ,
124 1812 260 1879 Fervida
281 1817 366 1899 quod
388 1816 504 1883 subtile
526 1817 698 1883 exsurdant
718 1818 793 1883 vina
813 1819 966 1903 palatum.

21 1892 24 1929 ‘
125 1895 293 1963 Invertunt
312 1899 465 1965 Allifanis
486 1901 609 1966 vinaria
629 1905 699 1966 tcta

125 1981 274 2047 Vibidius
293 1980 500 2133 Balatrffiue,
523 1985 639 2050 secutis
661 1987 821 2072 omnibus,
845 1988 903 2053 imi
1055 2002 1090 2051 40

126 2064 287 2132 Convivae
309 2067 384 2132 lecti
464 2069 541 2133 ilum
562 2090 698 2134 nocuere
720 2072 874 2155 lagoenis.

126 2150 279 2215 Adfertur
300 2150 432 2235 squillas
453 2154 538 2217 inter
558 2173 690 2217 murena
710 2158 858 2219 natantes

21 2290 22 2317 ,
125 2233 164 2300 In
175 2235 448 2319 patinaporrecta.
467 2235 532 2303 Sub
542 2237 604 2301 hoc
615 2258 687 2302 erus
697 2237 787 2302 ‘haec
798 2239 941 2323 gravida'
957 2240 1062 2323 inquit

21 2320 22 2335 ³
127 2317 286 2402 ‘Captast
308 2319 445 2385 deterior
465 2323 540 2404 post
559 2323 688 2404 partum
709 2342 803 2386 carne
822 2323 941 2387 futura.

21 2406 23 2477 ζ
124 2402 186 2466 His
207 2403 343 2467 mixtim
364 2405 413 2469 ius
436 2409 498 2469 est:
521 2405 614 2502 oleo,
630 2405 714 2502 quod
735 2406 839 2489 prima
859 2405 1011 2481 Venafri¹
1055 2420 1089 2468 45

21 2484 23 2587 ξ
124 2486 247 2552 Pressit
269 2487 364 2573 cella3
386 2510 464 2586 garo
487 2489 525 2553 de
548 2510 631 2554 sucrs
653 2490 750 2573 prscis
772 2489 900 2576 Hiber13

21 2592 23 2635 t
124 2569 210 2635 Vino
234 2571 445 2656 quinquennr,
467 2594 577 2639 verum
599 2572 678 2637 citra
698 2595 785 2638 mare
806 2577 899 2659 nato,

124 2653 211 2719 Dum
227 2656 373 2739 coquitur
383 2693 426 2704 -
437 2660 527 2722 cocto
540 2655 657 2723 Chium
672 2659 717 2722 sic
729 2659 894 2742 convenit,
910 2663 1026 2727 utnon

124 2738 240 2804 Hoom
288 2739 312 2803 ‘s
324 2740 424 2804 ullum
435 2740 581 2825 aliud—3
593 2743 702 2826 pipere
712 2742 795 2826 albo,
806 2764 874 2807 non
885 2744 953 2808 sine
963 2748 1065 2826 aceto,

21 2856 22 2861 κ
125 2822 219 2899 Quod
277 2823 499 2908 ethymnaeam
519 2826 597 2890 vitio
619 2828 789 2890 mutaverit
809 2848 913 2891 uvam.
1055 2841 1091 2889 50

21 2908 23 2913 ’
124 2906 249 2971 Erucas
270 2908 403 2993 virides,
425 2908 529 2975 inulas
551 2930 612 2994 ego
634 2911 755 2994 primus
778 2932 914 2975 amaras-

125 2990 304 3056 Monstravi
325 2993 508 3078 incoquere,
531 2993 650 3058 inlotos
673 2992 825 3060 Curtillus
848 2994 993 3079 echinos,

124 3074 171 3141 Vt
191 3074 306 3139 melius
327 3078 430 3141 muria
451 3076 536 3160 quod
556 3080 640 3142 testa
661 3078 785 3143 marina
805 3080 969 3146 remittat!

125 3158 255 3223 Interea
275 3181 430 3244 suspensa
450 3183 564 3246 graves
586 3162 698 3226 aulaea
717 3162 827 3228 ruinas

126 3243 166 3307 In
185 3243 332 3327 patinam
353 3244 472 3329 fecere,
494 3245 655 3309 trahentia
675 3248 814 3330 pulveris
836 3247 898 3310 atri
1057 3261 1092 3310 55

126 3326 290 3403 Quantum
312 3349 379 3392 non
399 3329 518 3413 Aquilo
542 3327 714 3414 Campanis
736 3332 853 3396 excitat
874 3331 969 3416 agris.

126 3410 195 3476 Nos
217 3412 320 3477 maius
342 3413 449 3496 veriti,
471 3416 642 3496 postquam
662 3413 744 3479 nihil
766 3436 834 3480 esse
855 3415 968 3498 pericli

127 3492 306 3580 Sensimus,
329 3496 494 3582 erigimur3
516 3495 618 3577 Rufus
640 3499 745 3582 posito
768 3499 885 3582 capite,
907 3503 944 3563 ut
965 3499 992 3563 si
