2610 4028
127 244 204 320 nu]
535 246 644 302 urens
664 247 687 304 1.
1034 243 1095 310 139

15 406 16 409 '
129 409 183 477 Sic
204 412 333 474 teneros
354 408 479 474 euimos
500 408 604 474 aliena
625 410 796 495 opprobria
817 433 910 498 saepe

15 496 16 499 ’
128 494 323 559 Absterrent
343 493 439 558 vitiis.
482 492 534 557 Ex
554 493 616 559 hoc
638 514 699 581 ego
721 515 816 560 senus
838 494 980 580 abillis,

15 616 17 647 ;
129 577 309 643 Perniciem
324 597 540 675 quaecumque
553 577 675 662 ferunt,
690 578 901 646 mediocribus
915 584 948 645 et
962 579 1032 666 quis
1045 591 1095 669 luo

129 661 285 748 Ignoscas
307 665 542 747 vrtustene013
565 662 710 728 fortassis
732 666 765 728 et
786 664 883 729 istinc

15 770 16 777 ¹
129 745 277 844 Largiter
298 745 466 811 abstulerit
487 746 585 832 longa
606 750 711 830 uetes,
734 747 816 812 liber
836 748 972 831 amicus,

131 829 310 896 Oonsihum
331 830 511 915 proprium:
532 852 636 915 neque
657 833 758 915 enim,
781 848 856 898 cum'
874 833 1009 898 leotadus

129 997 277 1064 Porticus
299 999 438 1082 excepit,
461 998 571 1064 de'sum
592 998 681 1065 mihi.
724 920 865 1067 {m
886 1000 948 1066 hoc
969 1003 1027 1066 est.

129 1082 201 1148 Hoc
223 1082 344 1148 inciens
365 1083 471 1149 rivam
491 1083 613 1149 melius.
651 1082 704 1149 sic
726 1084 827 1151 dulcis
849 1086 959 1151 amicis
1046 1097 1094 1148 135

15 1264 17 1269 .
131 1165 313 1232 Occurram,
342 1165 415 1263 Hoc
425 1166 555 1315 (pruciam
564 1167 739 1266 nontbelle:
753 1170 908 1254 numquid
919 1188 979 1255 ego
990 1169 1040 1235 illi

15 1340 16 1345 ἵ
128 1249 310 1336 Inprudens
332 1250 410 1316 olrm
445 1272 547 1316 sclam
568 1252 708 1318 srmrlei'
810 1253 899 1319 Haec
920 1274 981 1340 ego

15 1382 17 1459 ἕ
130 1418 321 1504 conpressis
343 1419 431 1505 agno
453 1420 564 1505 uuas,
586 1420 642 1486 uer
684 1359 862 1486 tramitti
874 1422 935 1505 oe,

15 1504 16 1507 ’
129 1503 246 1568 Inludo
268 1502 397 1568 chartis.
440 1503 512 1569 Hoc
535 1507 584 1569 est
604 1526 655 1570 me
689 1506 815 1570 ocribus
836 1505 902 1570 illis

15 1606 16 1613 ¹
129 1587 181 1653 Ex
202 1588 290 1652 vitiis
311 1609 425 1672 unum,
449 1589 500 1653 cui
522 1589 549 1653 si
571 1587 743 1654 concedere
764 1590 863 1672 nolis,
1044 1603 1096 1654 140

130 1671 235 1736 Multa
256 1674 423 1756 poetarum
446 1672 552 1737 veniet
572 1693 700 1755 manus,
722 1673 840 1738 auxilio
862 1694 942 1758 quae

128 1753 181 1821 Sit
200 1754 297 1821 mihi:
319 1776 396 1820 nam
417 1757 517 1821 multo
539 1756 647 1841 plures
669 1779 792 1841 sumus,
814 1778 852 1821 ec
872 1757 972 1822 veluti
991 1759 1025 1823 tc

127 1839 240 1905 ludaei
262 1860 412 1925 cogemus
434 1841 469 1906 in
485 1840 573 1921 ,hanc
595 1841 767 1907 concedere
788 1842 924 1908 turbam.

586 2130 630 2205 V.

128 2261 306 2348 Egressum
327 2283 445 2359 magns
464 2280 516 2327 me
537 2262 662 2346 excepit
682 2262 791 2327 Aricie
811 2262 915 2328 Roma

15 2420 16 2431 ἶ
127 2346 282 2430 Hospitio
304 2347 446 2429 modrco,
467 2346 576 2411 rhetor
595 2366 703 2411 *eomes
724 2344 932 2427 Heliodorus,

131 2429 325 2495 Graecorum
346 2431 443 2528 longe
465 2430 681 2512 doctissimum
703 2429 778 2494 inde
794 2428 913 2496 Forum
927 2430 1030 2517 Appi,

15 2582 17 2587 ⁴
129 2513 302 2579 Differtum
322 2518 428 2579 naut1s
451 2514 647 2599 cauponibus
669 2518 762 2598 atque
782 2513 941 2600 malignis.

129 2598 203 2663 Hoc
222 2600 286 2664 iter
306 2599 415 2684 ignavi
437 2598 616 2682 divisimus,
638 2598 732 2664 altius
755 2620 793 2664 ac
813 2620 873 2663 nos
1076 2609 1094 2662 t

129 2681 325 2748 Praecinctis
346 2704 460 2747 unum:
482 2682 587 2746 minus
605 2684 655 2747 est
674 2683 781 2768 gravis
796 2683 903 2767 Appia
923 2682 1031 2747 tardis.

129 2765 194 2830 Hic
208 2787 269 2852 ego
283 2769 415 2851 propter
425 2787 548 2850 aquam,
564 2766 729 2850 quoderat
742 2766 920 2848 deterrima,
933 2766 1039 2831 ventri

15 2858 16 2877 ³
129 2849 243 2915 Indico
264 2850 399 2934 bellurn,
421 2854 572 2916 cenantes
593 2851 680 2915 haud
700 2852 805 2915 animo
827 2870 928 2933 aequo

129 2933 197 2999 Exs
220 2936 331 2999 ectans
353 2935 494 2999 comites.
537 2934 608 2998 Iam
628 2956 694 3000 nox
714 2934 863 2999 inducere
882 2933 978 2998 terris

128 2956 269 3083 Vmircs
288 3021 324 3083 ct
344 3019 433 3084 caelo
455 3018 630 3084 diffundere
650 3019 744 3105 signa
763 3017 909 3104 parabat,
1063 3029 1096 3079 10

130 3101 213 3166 Tum
234 3103 326 3187 pueri
345 3103 467 3186 nautis,
482 3103 588 3187 pueris
611 3103 751 3169 convitia
770 3107 886 3169 nautne

130 3184 298 3272 Ingerere:
321 3187 395 3252 ‘huc
417 3187 555 3273 appelle,
578 3190 738 3253 trecentos
757 3187 886 3270 inseris,
907 3184 968 3250 ohe

130 3267 199 3334 Iam
210 3270 290 3335 satis
302 3274 372 3335 est'
395 3270 481 3337 Dum
490 3272 702 3370 aesexigitur,
718 3272 794 3336 dum
805 3268 1029 3354 mulsligntur,

130 3348 213 3419 'fota
235 3355 304 3420 abit
323 3354 412 3421 hora.
455 3356 533 3420 Mali
555 3356 672 3421 cuhces
693 3378 850 3440 ranaeque
874 3352 1031 3437 palustres

129 3438 292 3504 Avertunt
313 3459 457 3524 somnos,
481 3440 646 3505 absentem
666 3444 702 3505 nt
724 3443 832 3505 cantat
853 3435 987 3504 amicum
1063 3447 1096 3499 rt

129 3519 235 3590 Multa
252 3522 401 3609 prolutus
421 3546 525 3609 vappa
545 3528 643 3590 nauta
663 3527 758 3609 etque
777 3524 880 3589 viator
