2610 4028
1062 8 1121 57 'f‘
1169 9 1296 93 ιι

190 215 249 281 156
561 219 772 276 carmanum

246 382 379 467 Frigore
399 386 432 449 te
453 383 570 448 feriat?
614 381 723 466 ‘Qua
746 384 849 446 cumst
869 380 1009 448 Lucilius
1032 403 1130 447 ausus

246 466 373 533 Primus
387 469 422 532 in
442 467 528 533 hunc
543 467 648 552 operis
664 487 843 551 conponere
859 467 999 531 carmine
1016 487 1152 550 morem,

246 550 422 617 Detrahere
437 556 470 617 et
487 551 619 637 pellem,
640 550 761 617 nitidus
783 572 846 635 qua
865 551 999 635 quisque
1019 571 1154 636 perora

184 648 216 698 ot
248 635 398 720 (lederet,
420 636 593 702 introrsum
614 636 733 720 tnpis:
755 657 834 701 num
848 634 975 700 Laelius
997 639 1030 700 et
1051 635 1107 719 qui

247 718 348 786 Duxit
368 721 409 785 ab
431 742 583 806 oppressa
607 721 757 786 meritum
778 718 878 785 Carth
923 720 973 785 ‘ne
993 732 1129 802 nomen,

247 803 383 890 Ingenio
406 805 520 870 offensi
541 808 597 871 aut
618 806 704 870 laeso
727 804 855 869 doluere
912 804 1006 869 etello

247 887 455 974 Pomosisque
476 889 567 974 Lupo
590 892 740 973 cooperto
762 888 927 954 versibus?
963 889 1065 972 Atqui

245 971 408 1039 Primores
429 975 541 1059 populi
563 974 697 1059 arripuit
717 974 934 1071 populumque
953 973 1117 1055 tributim,

185 1068 220 1118 ro
251 1056 379 1122 Scilicet
399 1059 457 1123 uni
479 1079 597 1143 aequus
619 1059 731 1122 virtuti
753 1061 847 1142 atque
868 1058 936 1122 eius
958 1056 1079 1122 amicis

249 1139 334 1217 Quin
347 1142 402 1205 ubi
418 1162 451 1206 se
473 1143 604 1229 evulgo
619 1145 651 1206 et
667 1164 781 1207 scaena
802 1143 837 1206 in
851 1144 973 1207 secreta
985 1145 1154 1206 remorant

247 1223 358 1290 Virtus
381 1224 548 1310 Scipiadae
569 1231 602 1292 et
622 1227 709 1291 mitis
732 1226 889 1311 sapientia
908 1225 1010 1308 Laeli,

247 1308 372 1395 Nugari
395 1331 467 1374 cum
489 1311 545 1376 illo
569 1315 601 1376 et
623 1310 770 1375 discincti
791 1309 913 1392 ludere,
936 1309 1038 1375 donec

247 1392 487 1478 Decoqueretur
518 1396 604 1479 olus,
638 1395 732 1459 soliti.
781 1393 940 1492 Quidquid
972 1416 1044 1458 sum
1072 1415 1152 1480 ego,

792 1500 935 1563 quamue

185 1574 217 1623 75
249 1561 339 1627 Infra
360 1564 464 1629 Lucili
486 1585 616 1630 censum
636 1564 877 1649 ingeniumque,
898 1566 1008 1628 tamen
1028 1584 1081 1626 me

249 1646 330 1712 Cum
351 1649 478 1733 magnis
500 1647 617 1713 vixisse
638 1648 739 1713 invita
759 1648 911 1712 fatebitur
931 1669 1031 1731 usque

247 1730 387 1814 Invidia,
411 1736 443 1796 et
464 1732 572 1817 fragili
593 1753 748 1816 quaerens
769 1731 892 1796 illidere
913 1731 1055 1814 dentem,

249 1813 398 1878 Offendet
420 1816 538 1899 solido,
559 1816 623 1880 nisi
645 1816 722 1900 quid
743 1820 794 1898 tn,
817 1817 908 1881 docte
930 1814 1076 1899 Trebati,

248 1896 430 1964 Dissentis..'
459 1899 627 1983 ‘Equidem
638 1900 721 1966 nihil
731 1900 806 1965 hine
820 1900 988 1986 diffingere
1001 1921 1149 1985 possum3

184 1994 218 2042 80
248 1980 311 2047 Sed
332 1984 440 2048 tamen
460 1987 497 2047 ut
517 1985 658 2050 monitus
681 2006 806 2067 caveas,
827 2007 870 2049 ne
891 1985 974 2049 forte
994 1986 1108 2069 negoti

247 2064 387 2131 Incutiat
407 2067 466 2132 tibi
482 2068 558 2152 quid
579 2072 761 2134 sanctarum
781 2069 909 2133 inscitia
930 2069 1053 2154 legum:

249 2147 383 2216 Sinala
397 2152 574 2217 condiderit
594 2154 629 2218 in
650 2174 745 2237 quem
766 2154 837 2237 quis
852 2153 1007 2236 carmina,
1030 2154 1081 2217 ius
1102 2157 1152 2218 est

246 2233 489 2320 Iudiciumque?
521 2236 629 2321 rnen,
645 2238 744 2322 siquis
758 2238 857 2321 mala3
879 2235 935 2302 sed
949 2237 1035 2301 bona
1049 2238 1151 2320 siquis

247 2316 356 2385 Iudice
378 2321 555 2387 condiderit
576 2321 724 2387 laudatus
746 2320 902 2387 Caesare?
930 2321 1029 2404 siquis

184 2415 217 2463 85
251 2401 301 2486 Op
323 2404 438 2469 robriis
462 2404 595 2491 dignum
615 2405 794 2489 latraverit,
816 2405 941 2489 integer
960 2404 1064 2502 ipse?’

249 2426 431 2552 ‘Soiventur
450 2488 518 2554 risu
538 2489 681 2573 tabulae,
702 2493 738 2553 tu
758 2490 874 2593 missus
897 2488 1022 2552 abitu?

591 2662 743 2672 m

638 2779 686 2853 H.

249 2905 337 2981 Quae
358 2908 459 2972 virtus
476 2912 514 3006 ‘et
535 2913 669 2992 quanta,
691 2909 782 2990 boni,
805 2909 847 2972 sit
867 2909 972 2974 vivere
992 2930 1092 3007 parvo

247 2986 435 3135 giecmeus
450 2991 503 3056 lue
518 2996 668 3090 sennost,
682 2993 744 3090 ‘sed
759 3013 838 3076 quae
852 3014 966 3077 praece
988 2997 1016 3091 {i
1026 2992 1149 3058 Ofellus

277 3075 414 3158 astaus,
437 3074 599 3140 abnorm1s
621 3097 749 3161 sap1ens
769 3097 937 3161 crassaque
1023 3079 1127 3164 erra),

248 3152 370 3221 Discite
390 3179 458 3223 non
479 3159 564 3223 inter
584 3160 692 3224 lances
713 3181 839 3224 mensas
863 3182 902 3225 ue
923 3160 1064 3227 nitentes
1069 3211 1079 3246 ,

182 3251 201 3298 c
250 3238 338 3338 Cum·
354 3244 461 3326 stupet
481 3243 604 3307 insanis
626 3244 709 3308 acies
730 3181 910 3329 fulgoriirus
931 3247 1058 3310 etcum

247 3324 390 3389 Acehnis
412 3326 502 3390 falsis
525 3327 650 3390 animus
670 3325 804 3392 meliora
823 3332 964 3412 recinat,

247 3404 368 3470 Verum
388 3408 441 3473 hic
462 3410 606 3491 inpransi
620 3431 744 3475 meeum
766 3412 941 3496 disquirite.
977 3411 1043 3478 Dur
1063 3413 1150 3478 hoc?

248 3486 373 3573 Dicam,
396 3492 424 3555 si
444 3496 567 3575 potero.
604 3492 689 3558 Male
707 3517 818 3560 verum
840 3497 1001 3561 examinat
1022 3499 1128 3562 omnis
