2610 4028
11 508 13 539 ³
122 522 183 588 nec
203 522 288 586 inter
310 520 434 586 Tanain
455 521 511 605 qui

41 346 44 351 ¹
120 277 155 351 r]
527 273 634 330 amaa
654 274 677 331 1.
1026 265 1085 332 121

11 424 14 479 i
123 439 203 506 (lum
223 442 298 503 veto
319 440 352 502 te
373 436 457 520 fieri,
479 457 615 585 vqppam
636 437 730 501 iubeo
752 457 790 501 ac
811 437 1013 502 nebulonem.

554 539 605 585 am
627 541 833 619 socerumque
853 521 977 586 Viselli.
1038 532 1086 583 115

11 612 12 643 ff
122 606 183 672 Est
201 605 317 671 modus
338 606 373 669 in
394 604 488 669 rebus
493 653 502 688 ,
526 609 602 669 sunt
622 606 700 670 certi
722 605 858 689 demque
878 606 973 690 fines,

124 690 209 767 Quos
231 690 317 755 ultra
338 690 479 773 citraque
499 689 612 773 nequit
633 689 806 754 consistere
826 692 958 754 rectum.

121 775 217 859 Illuc,
239 774 324 839 unde
346 773 425 856 abii,
446 773 558 855 redeo,
580 774 634 857 qui
655 794 766 857 nemo,
788 775 825 837 ut
846 795 973 858 avarus,

11 852 13 869 '
123 859 164 924 Se
184 858 299 943 probet
320 878 358 923 ac
378 857 486 941 potius
507 857 616 922 laudet
636 857 761 922 diversa
781 861 966 942 sequentes,

124 942 277 1027 Quodque
299 942 403 1007 aliena
424 942 547 1026 capella
566 945 659 1027 gerat
681 941 850 1007 distentius
871 943 966 1024 uber,
1038 953 1087 1004 110

122 1027 294 1109 Tabescat,
315 1047 419 1110 neque
441 1047 474 1091 se
495 1026 608 1090 maiori
629 1027 852 1174 pauperiorum

123 1111 249 1176 Turbae
259 1114 419 1195 conparet,
434 1110 625 1194 huncatque
658 1132 880 1196 uncsuperare
890 1111 1028 1194 laboret,

11 1240 13 1285 ,
124 1196 176 1262 Sic
196 1195 364 1260 festinanti
387 1215 511 1278 semper
531 1195 721 1279 locupletior
742 1196 861 1278 obstet,

11 1292 13 1315 l
122 1279 182 1364 Vt,
205 1301 278 1344 cum
299 1279 477 1349 carceribus
498 1280 613 1344 missos
634 1279 720 1363 rapit
739 1280 862 1366 ungula
883 1301 1007 1362 currus,

11 1428 12 1431 ,
122 1364 228 1429 Instat
249 1364 337 1447 equis
359 1364 470 1449 auriga
491 1384 565 1428 suos
586 1363 802 1447 vincentibus,
824 1364 916 1428 illum
1037 1376 1086 1426 115

122 1448 335 1513 Praeteritum
355 1451 501 1512 temnens
523 1451 681 1512 extremos
702 1448 786 1512 inter
807 1450 944 1513 euntem.

11 1580 15 1625 ,
122 1531 202 1597 Inde
222 1532 275 1616 fit,
296 1534 335 1596 ut
353 1553 442 1616 raro,
465 1532 519 1616 qui
542 1550 575 1597 se
596 1532 713 1597 vixisse
734 1532 862 1597 beatum

122 1616 219 1682 Dicat
240 1620 273 1681 et
294 1619 404 1680 exacto
426 1620 596 1680 contentus
617 1620 761 1701 tempore
781 1617 848 1680 vita

125 1699 228 1767 Cedat
247 1700 297 1764 uti
319 1701 453 1765 conviva
474 1704 562 1764 satur
599 1701 737 1784 reperire
759 1722 919 1786 queamus.

122 1784 194 1850 lam
215 1783 293 1848 satis
316 1787 374 1849 est.
406 1783 458 1850 Ne
477 1805 530 1849 me
552 1749 693 1869 (irispini
715 1786 831 1850 scrinia
852 1785 933 1869 lippi
1037 1796 1087 1848 lac

29 1930 33 1935 .
124 1867 311 1953 Conpilasse
331 1872 439 1953 putes,
460 1869 592 1934 verbum
612 1890 680 1934 non
701 1869 837 1954 amplius
859 1870 981 1934 addam.

528 2039 680 2051 ,αι-ι-

577 2160 624 2235 Π.

122 2292 376 2369 Ambubaiarum
398 2293 548 2379 collegia,
570 2292 849 2378 pharmacopolae,

11 2428 13 2433 .
121 2376 280 2460 Mendici,
303 2377 433 2460 mimae,
455 2377 653 2460 balatrones,
675 2378 736 2442 hoc
757 2399 859 2462 genus
882 2397 976 2441 omne

11 2494 13 2531 ς
121 2459 282 2527 Maestum
304 2481 341 2526 ac
361 2461 565 2542 sollicitumst
586 2462 724 2526 cantoris
747 2465 850 2526 morte
871 2460 1001 2546 Tigelli:

11 2544 13 2607 ἒ
123 2544 249 2629 Quippe
260 2545 419 2630 benignus
430 2549 506 2610 erat.
533 2545 655 2612 Contra
664 2545 726 2627 hio,
737 2567 779 2611 ne
790 2545 943 2644 prodigus
954 2565 1023 2610 esse

121 2627 259 2693 Dicatur
278 2633 438 2714 metuens,
461 2630 551 2714 inopi
573 2630 647 2695 dare
667 2632 751 2695 nolit
772 2651 891 2714 amleo,
1070 2638 1087 2691 5

82 2724 86 2727 ’
121 2711 239 2798 Frigus
261 2735 323 2797 quo
346 2714 519 2798 duramque
539 2715 657 2780 famem
677 2715 854 2799 propellere
875 2714 987 2798 possit.

121 2794 219 2861 Hunc
241 2797 269 2862 si
290 2799 501 2882 perconteris,
523 2800 574 2862 avi
590 2807 651 2864 eur
672 2802 767 2883 atque
788 2798 930 2882 parentis

120 2880 323 2946 Praeclaram
344 2883 472 2968 ingrata
493 2883 631 2968 stringat
652 2883 755 2948 malus
776 2882 918 2967 ingluvie
940 2902 1022 2963 rem,

122 2964 241 3030 Omnia
263 2966 428 3032 conductis
451 2987 598 3032 coemens
620 2968 754 3032 obsonia
774 2967 928 3051 nummis3

121 3048 277 3115 Sordidus
297 3054 393 3135 atque
415 3052 514 3116 animi
535 3053 620 3136 quod
641 3053 731 3136 parvi
751 3052 834 3116 nolit
854 3050 980 3133 haberi,
1056 3060 1089 3110 10
1128 3134 1131 3137 Δ

119 3132 317 3217 Respondet.
361 3135 522 3201 Laudatur
543 3137 583 3207 ab
604 3135 655 3201 his
661 3186 670 3220 ,
693 3137 839 3220 culpatur
860 3135 900 3200 ab
922 3135 996 3200 illis.

119 3216 265 3316 Fupidius
286 3240 414 3319 vappae
429 3220 661 3319 famamntimet
682 3242 719 3285 ac
740 3220 935 3317 nebulonis:¹

150 3324 244 3452 slis
257 3300 975 3474 555351535551555133111]

11 3488 12 3491 ’
117 3470 250 3548 Quanto
272 3472 427 3556 perditior
448 3474 627 3623 quisquest,
656 3476 746 3538 tanto
770 3475 872 3538 acrius
893 3481 1022 3557 urguet3
1057 3483 1088 3532 15

116 3553 263 3622 Nomina
286 3560 438 3644 metatu,
461 3579 514 3623 mo
537 3580 556 3623 o
579 3560 706 3642 sumpta
726 3561 814 3622 veste
834 3556 934 3640 virili,
