2610 4028
222 236 282 301 180
592 238 803 297 mammam
1113 239 1186 312 [vu.

116 501 118 506 Ι
220 417 252 465 35
286 401 423 466 Auditd’
447 424 518 466 eum
540 422 658 487 magno
680 400 819 465 blateras
840 400 980 465 elamore
1002 400 1165 498 iugisque.
1293 390 1294 463 t

283 485 421 551 Mulvius
440 489 477 551 et
497 506 637 566 scurrae,
659 483 719 549 tibi
739 504 807 549 non
827 483 993 548 referenda
1013 488 1151 568 preeat1,

282 568 468 635 Discedunt
513 569 655 634 ‘Etenim
675 568 780 632 fateor
799 576 862 632 me‘
886 566 1002 631 dixerit
1020 566 1091 651 ille,

284 653 378 719 ‘Daoi
399 658 509 719 ventre
529 653 649 736 levem,
670 656 785 716 nasum
804 651 916 716 nidore
939 652 1085 748 eupimor,
1173 726 1175 731 Ι
1293 636 1294 699 i

283 738 480 822 Imbecillus,
502 739 603 820 inere,
625 735 814 820 siquidum,
837 734 932 818 adde,
954 756 1085 820 popmo.

220 837 254 885 40
282 822 331 887 iu
351 843 424 888 oum
446 822 490 887 sis
511 820 595 905 quod
616 823 731 917 egeto
756 819 902 884 fortassis
923 819 1071 903 nequior,
1099 821 1188 884 ultro

284 906 443 973 Inseotere
464 906 552 970 velut
571 904 701 986 mehor,
722 903 889 987 verbisque
910 903 1033 968 decoris

286 990 444 1056 Obvolvas
464 988 612 1054 vitiumr’
650 987 748 1070 Quid,
771 988 798 1051 si
819 1009 871 1052 me
892 987 1019 1052 stultior
1039 987 1112 1071 ipeo

285 1074 476 1159 Quingentis
498 1075 606 1156 empto
629 1071 787 1136 drachmis
810 1070 1035 1155 deprenderis?
1084 1071 1189 1135 Aufer
1293 1060 1294 1077 ¹

285 1158 338 1222 Me
359 1158 449 1221 vultu
469 1158 755 1253 terroreqmanum
777 1154 1039 1238 stomachumque
1059 1157 1189 1238 teneto,

122 1252 127 1261 ¹
221 1257 254 1304 4⁵
287 1241 388 1324 Dum,
410 1262 491 1325 quae
512 1240 654 1325 Orispmi
675 1240 783 1306 docuit
803 1261 855 1303 me
876 1239 1008 1322 ianitor,
1030 1238 1100 1303 edo.

286 1325 331 1389 Te
352 1326 469 1390 eoniux
489 1318 713 1408 aliena'eapit,
735 1319 936 1388 meretricula
956 1321 1100 1387 Davum:

286 1410 401 1474 Peeoat
414 1412 486 1474 uter
505 1412 651 1474 nostrum
666 1429 757 1472 eruce
773 1406 924 1493 dignius?
954 1407 1049 1471 Aeria
1064 1403 1123 1472 ubi
1137 1430 1190 1472 me

286 1493 410 1559 Natura
430 1493 583 1577 intendit,
605 1492 665 1557 aab
687 1491 773 1556 clara
793 1491 879 1556 nuda
899 1491 1029 1556 lucerna

286 1577 509 1663 Quaecumque
529 1576 655 1660 excepit
675 1576 833 1661 turgentis
854 1576 986 1640 verbera
1006 1574 1128 1639 caudae

222 1674 257 1723 ao
288 1661 443 1727 Olunibue
464 1665 520 1727 aut
541 1660 810 1747 agitavit-equum
832 1660 952 1724 lasciva
972 1659 1139 1742 supinum,

286 1744 430 1810 Dimittit
450 1768 473 1809 n
513 1767 553 1810 ue
573 1745 735 1810 famosum·
752 1765 856 1828 neque
877 1743 1065 1826 sollicitum,
1088 1764 1132 1807 ne

285 1827 392 1892 Ditior
414 1768 612 1893 auteiormee
632 1828 772 1894 melioria
793 1827 892 1893 meiat
912 1826 1032 1892 eodem.

285 1911 335 1976 Tu
357 1934 430 1977 eum
450 1912 601 1997 proieetia
622 1912 803 1998 insignibus
808 1962 819 1996 ,
840 1912 937 1976 anulo
997 1911 1097 1975 uestri

285 1995 495 2082 Romanoque
515 1995 643 2080 habitu,
665 1996 774 2081 prodis
796 2017 835 2062 ex
855 1995 958 2060 iudiee
1012 2016 1086 2075 ama

223 2093 255 2141 aa
288 2079 418 2165 impie,
441 2080 608 2146 odoratum
629 2083 725 2164 eaput
745 2080 933 2145 obscurante
954 2079 1096 2143 lacerna:

1290 1004 1294 1051 i

1293 1092 1294 1130 i

1293 1494 1294 1565 i

284 2164 362 2230 Non
383 2187 417 2229 es
437 2165 524 2250 quod
545 2164 698 2231 simulas?
721 2164 868 2229 Metuens
888 2162 1048 2229 induceris
1070 2167 1170 2246 atque

283 2249 471 2314 Altereante
493 2248 679 2314 libidinibus
699 2249 811 2313 tremis
833 2269 906 2312 osea
925 2268 1052 2331 pavore.

286 2331 370 2408 Quid
390 2335 503 2417 refert,
526 2334 577 2397 uri
598 2332 697 2418 virgis
718 2332 866 2416 ferroque
886 2331 993 2396 necari

241 2430 245 2439 '
285 2419 479 2481 Auctoratme
502 2438 570 2501 eae,
597 2439 638 2481 an
659 2417 746 2501 turpi
768 2416 894 2481 elautus
914 2416 951 2480 in
972 2436 1059 2498 area,

223 2512 257 2561 oo
287 2499 357 2575 Quo
379 2504 411 2565 te
433 2501 561 2564 demisit
605 2501 704 2567 eeoati
725 2501 856 2565 eonseia
877 2500 980 2580 erilis,

287 2581 493 2648 Contractum
514 2604 590 2668 gem
611 2605 650 2681 us
670 2587 787 2670 teugaa
802 2584 918 2669 eaput?
948 2578 1050 2649 usta
1070 2583 1190 2648 marito
1293 2621 1294 2683 q

285 2664 452 2732 Matronae
472 2671 635 2751 peoeantre
656 2668 692 2733 in
713 2669 807 2733 ambe
828 2670 913 2733 iuste
937 2667 1103 2752 potestas?

143 2790 150 2797 -
285 2749 325 2814 Iu
346 2753 564 2836 corruptorem
585 2752 636 2818 vel
657 2753 781 2819 iustior.
816 2751 879 2817 llla
899 2756 1008 2831 tamen
1030 2773 1065 2816 se

153 2902 170 2913 .
284 2833 362 2900 Non
382 2834 494 2900 habitu
515 2839 657 2900 mutatve
678 2836 749 2901 loeo
770 2839 920 2920 peeoatve
939 2838 1126 2920 †superne,

182 2920 183 2925 ’
222 2929 254 2977 aa
288 2916 370 2982 (tum
390 2923 424 2983 te
444 2919 594 2985 formidet
615 2920 729 2984 mulier
749 2942 852 3005 neque
874 2919 982 2985 eredat
1002 2920 1136 2984 amanti.

285 2999 352 3064 Ibis
374 3001 433 3065 sub
454 3002 577 3067 timeam
598 3002 754 3088 prudens,
777 3004 969 3088 dominoque
990 3003 1112 3068 furenti

286 3081 464 3149 Oonmittea
487 3108 556 3153 rem
578 3108 705 3152 omnem
728 3091 762 3153 et
786 3089 884 3153 vitam
906 3091 940 3152 et
960 3106 1034 3152 eum
1054 3108 1194 3171 corpore

829 3173 960 3237 famam.

285 3250 411 3321 Evasti:
434 3254 542 3337 oredo,
564 3259 687 3320 metues
708 3256 882 3340 doctusque
904 3254 1045 3339 eavebis3

221 3349 224 3355 '
286 3333 438 3421 Quaeres,
460 3337 587 3421 quando
609 3339 725 3404 iterum
746 3361 861 3424 paveas
883 3341 1062 3422 iterumque
1083 3339 1198 3437 perire

223 3427 256 3475 το
287 3415 410 3502 Possis,
433 3441 452 3484 ο
473 3421 593 3484 totiens
615 3426 737 3489 servus!
770 3423 857 3499 Quae
878 3423 989 3506 belua,
1008 3425 1113 3519 ruptas

287 3498 368 3563 Oum
389 3503 486 3568 semel
508 3503 634 3588 effugit,
656 3505 762 3571 reddit
783 3529 816 3572 ee
837 3529 936 3591 prava
957 3506 1102 3572 eatems‘?
