2600 4026
14 320 16 351 y
117 238 217 311 nnn]

491 235 598 290 LIBER
618 235 681 292 IIII.
724 228 726 233 ’

542 416 659 492 ΧΠΠ.

247 549 335 626 Quae
357 570 432 614 cura
452 551 579 633 patrum
600 569 719 632 quaeve
741 546 911 624 Quiritium

247 633 356 700 Plenis
377 633 537 698 honorum
557 632 741 698 muneribus
762 636 848 716 tuas,

293 719 347 782 Au
445 767 455 801 ,
477 718 610 782 virtutes
631 717 667 781 iu
688 736 800 782 aevum

364 823 399 866 er
418 801 530 866 titulos
550 822 769 885 memoresque
790 800 891 865 fastos

248 938 418 1018 Aeternet,
441 956 461 1000 o
482 956 546 1020 qua
567 935 616 1000 sol
636 935 826 1001 habitabiles

248 1019 404 1086 Inlustrat
424 1041 511 1104 oras,
533 1020 669 1085 maxime
712 1020 887 1103 rineipum,

296 1103 398 1180 Quam
418 1104 540 1200 legise
584 1106 667 1168 ertes
733 1104 820 1169 tinae

337 1187 498 1253 Vindehci
520 1188 553 1253 di
578 1188 657 1253 'ecre
678 1209 795 1273 nuper,

229 1323 333 1400 -Quid
354 1326 455 1388 marte
476 1343 596 1407 posses.
640 1322 744 1387 Milite
765 1343 841 1386 nam
861 1326 917 1386 tuo

249 1407 373 1473 Drusus
393 1406 580 1489 Genaunes,
602 1405 798 1490 inplacidum
818 1427 936 1491 genus,

295 1490 503 1574 Breunosque
524 1490 649 1556 veloces
671 1494 705 1555 et
725 1510 813 1554 arces

338 1575 476 1659 Alpibus
497 1574 654 1659 inpositas
677 1573 851 1639 tremendis

250 1708 376 1775 Deiecit
397 1731 470 1774 acer
489 1709 562 1795 plus
584 1710 653 1774 viee
675 1709 827 1794 simpliei3

249 1793 353 1859 Maior
373 1793 540 1860 Neronum
560 1815 636 1858 mox
656 1815 754 1880 grave
778 1792 936 1877 proelium

297 1876 457 1944 (lonmisit
477 1877 684 1962 inmanesque
704 1877 824 1943 Raetos

339 1961 500 2048 Auspiciis
521 1961 646 2047 pepulit
666 1961 829 2045 secundis,

251 2094 446 2182 Spectandus
468 2097 504 2161 in
524 2097 696 2161 certamine
717 2095 848 2183 Martio,

250 2178 375 2245 Devotu
395 2179 493 2245 morti
513 2183 644 2265 pectora
665 2179 783 2244 liberae

297 2263 431 2340 Quantis
452 2264 509 2327 fa'
569 2264 740 2345 strumis,

338 2347 515 2414 Indomitos
535 2369 636 2432 prope
657 2347 759 2432 qualis
780 2348 882 2413 undas

250 2482 387 2548 Exercet
407 2483 541 2565 Auster,
565 2481 731 2547 Pleiadum
753 2481 850 2547 choro

250 2565 422 2632 Scindente
442 2565 558 2649 nubes,
580 2567 709 2652 inpiger
729 2565 870 2631 hostium

297 2649 419 2716 Vexare
439 2653 561 2714 turmas
584 2654 617 2715 et
637 2651 826 2715 frementem

338 2734 466 2800 Mittere
488 2756 604 2818 equum
625 2734 747 2800 medios
768 2756 826 2819 per
847 2736 946 2820 ignes

250 2867 303 2935 Sic
323 2868 520 2934 tauriformis
540 2868 679 2933 volvitur
697 2868 847 2952 Aufidus,

250 2950 312 3029 Qui
332 2973 433 3038 regna
452 2951 560 3016 Dauni
581 2952 729 3036 praefluit
748 2953 862 3038 Apuli,

296 3034 378 3102 Cum
399 3036 500 3101 saevit
519 3033 772 3120 horrendamque
793 3037 887 3104 cultis

336 3119 504 3192 Diluviem,
519 3119 691 3186 meditatur
712 3121 813 3206 agris,

248 3252 296 3321 Vt
315 3255 522 3321 barbarorum
543 3253 695 3320 Claudius
716 3255 842 3341 agmins

249 3338 380 3404 Ferrata
398 3342 489 3404 vasto
512 3339 609 3404 duruit
627 3338 749 3425 impetu
942 3378 946 3415 3

295 3421 482 3520 Primosque
503 3427 536 3489 et
555 3425 714 3488 extremos
735 3423 885 3487 metendo

338 3508 458 3574 Stravit
476 3507 609 3573 humum
631 3508 699 3572 sine
721 3506 810 3573 clade
831 3507 948 3591 uictor,

898 3613 912 3661 7
