2570 4022
200 220 280 279 XXX
575 213 789 273 PRAEFATIO.

196 378 349 440 lectionis.
400 376 464 440 Sed
492 377 561 457 quis
592 372 747 435 dubitabit
773 370 926 451 virgulam
953 391 1046 450 supra
1071 391 1166 433 voee-

196 463 259 525 Iem
286 463 418 543 positam
446 483 502 542 pro
523 459 655 522 libidine
682 456 738 518 ubi
764 456 892 537 expedit
918 456 1116 535 interpretari
1141 477 1164 517 n

197 547 353 608 litteram?
383 556 437 607 aut
464 546 536 627 quia
561 545 686 624 ignorat
713 560 806 621 quam
832 559 926 620 saepe
946 539 1065 601 librarii
1091 543 1163 600 sori-

198 632 318 714 pserint
343 630 485 693 Attidem
512 628 655 690 Pelidem
687 645 743 705 pro
771 624 905 685 Atriden
932 623 1086 685 Peliden?
1119 625 1168 685 Vt

199 717 336 778 omittam
356 716 434 777 illud
456 710 755 791 ‘Bellerophonten'
778 709 830 769 vel
851 729 889 770 ea
902 728 936 768 re
957 708 1165 770 commendari

198 799 459 945 tttltttt
474 792 983 962 {iodi¹iingimissiiiliiii
1005 793 1169 956 {fidit

199 968 240 1029 ad
261 967 521 1047 Bellerophontae
542 963 738 1037 vocabulum,
768 963 885 1042 primae
905 962 940 1023 id
962 962 1169 1023 declinationi

199 1053 394 1132 adaptatasse
419 1053 481 1111 iam
506 1049 727 1110 vetustissimos
749 1047 956 1107 Romanorum
982 1046 1168 1107 auctoritate

200 1138 307 1197 ductos
326 1145 361 1196 nt
374 1156 468 1215 saepe
481 1134 640 1195 Homerici
654 1132 797 1193 carminis
811 1139 844 1191 et
856 1130 1052 1210 Helerpanta
1064 1130 1168 1191 forma

200 1221 373 1282 declaratur
406 1228 438 1280 et
464 1238 500 1280 eo
529 1217 613 1299 quod
639 1215 827 1277 Ritsoheliue
860 1213 1008 1275 librorum
1040 1222 1168 1275 secutus

197 1306 330 1384 vestigia
346 1303 458 1365 Plauto
480 1304 615 1363 restitnit
638 1298 766 1380 [Baeoh.
781 1295 858 1377 810]
880 1299 1167 1379 Bellerophontem„

197 1389 303 1468 Atque
329 1389 373 1448 ita
401 1387 485 1468 apud
510 1385 698 1458 Ausonium,
732 1386 786 1464 qui
818 1384 983 1463 plurimum
1014 1383 1168 1444 adhaeret

198 1472 321 1533 Horatii
349 1472 504 1551 exemplo,
533 1473 625 1531 etiam
649 1470 764 1548 legitur
794 1464 863 1548 [ep.
886 1468 941 1541 25,
972 1464 1033 1547 70]
1060 1468 1165 1528 Belle·

198 1557 380 1637 rophontes,
420 1577 484 1617 non
516 1554 643 1635 quidem
677 1554 747 1615 sine
779 1553 992 1613 recordatione
1023 1551 1162 1615 Homeri.

165 1718 167 1723 ,
200 1640 345 1702 Oeterum
371 1640 511 1702 videnda
537 1658 618 1719 quae
639 1658 739 1717 nuper
766 1637 806 1698 de
826 1637 886 1697 hoo
911 1634 1062 1697 vooabulo
1085 1636 1167 1697 dixit

196 1725 422 1787 Fleckeisenus
445 1720 533 1803 [ann.
555 1723 633 1803 phil.
656 1724 739 1782 1eee
760 1741 812 1801 pg.
829 1720 875 1800 8].

261 1828 313 1884 111,
337 1812 372 1884 9,
396 1811 416 1868 9
445 1825 490 1867 me
516 1825 594 1866 nune
623 1809 753 1866 Thressa
778 1808 865 1866 Chloe
892 1810 974 1882 repit.
1004 1834 1041 1849 -
1075 1805 1166 1866 Illud

198 1894 282 1973 quod
309 1901 355 1955 est
380 1891 519 1952 Thressa
545 1891 624 1951 sieut
648 1890 814 1951 Threeium
834 1890 986 1950 Threcum
1011 1888 1166 1951 Throoem

197 1998 319 2121 seffper
339 1996 396 2057 per
416 1996 454 2037 se
475 1975 665 2120 eiffprengum
685 1974 905 2119 essedadstrnit
924 1974 1163 2119 Piephziqenus:

198 2081 232 2122 se
281 2081 346 2120 non
394 2079 482 2120 ersus
505 2079 546 2120 e.
620 2080 669 2120 am
718 2080 757 2120 uo
823 2079 909 2119 arum
952 2079 1090 2119 roare
1116 2080 1164 2120 rr·

199 2146 266 2206 deri
295 2147 339 2205 ait
365 2081 414 2205 dr
439 2163 572 2205 summus
598 2143 656 2204 has
684 2078 863 2205 fdrmespex
889 2079 1001 2203 ledum
1031 2143 1165 2204 dialecto
1192 2196 1195 2197 γ

198 2229 376 2302 translatae,
404 2228 542 2289 firmatur
567 2236 673 2288 tamen
700 2229 786 2306 origo
814 2227 870 2287 illa
894 2227 1053 2288 vocabulis
1081 2247 1163 2307 quae
1271 2296 1272 2299 Ἴ

197 2323 272 2374 suut
291 2314 453 2375 Threicius
475 2322 507 2374 et
527 2312 684 2374 Threissa.
727 2312 755 2371 E
778 2312 888 2392 quibus
909 2312 969 2373 hoo
982 2312 1083 2386 Maro,
1107 2312 1163 2372 illo

197 2398 322 2478 plurimi
342 2398 391 2459 usi
413 2405 583 2477 poetarum.
628 2395 714 2474 Quin
737 2416 776 2456 ex
797 2398 926 2475 antiqua
945 2397 1080 2457 leotione
1096 2395 1163 2457 Ho-

197 2483 274 2541 meri
295 2482 459 2542 aoeessisse
473 2490 548 2561 puto
563 2480 696 2541 Latinae
717 2481 844 2560 linguae
857 2481 1010 2542 Threcum
1031 2482 1066 2541 et'
1082 2499 1166 2560 quse

198 2565 273 2626 inde
296 2564 500 2628 descendunt.
537 2564 625 2625 Haeo
645 2565 742 2645 igitur
762 2565 1008 2626 membranarum
1028 2567 1162 2626 testimo·

198 2651 251 2709 nio
272 2649 327 2709 ubi
347 2651 541 2711 firmarentur
561 2650 715 2711 movenda
737 2670 801 2710 non
817 2648 903 2710 duxi.
933 2648 1077 2710 Ceterum
1097 2669 1164 2709 non
1211 2706 1214 2711 .

198 2735 308 2795 inseite
335 2733 392 2794 sed
420 2754 459 2796 ex
486 2754 570 2795 more
597 2732 704 2795 Flaooi
728 2734 957 2814 Peerloampius
986 2733 1052 2793 ‘me
1078 2752 1166 2793 nune

195 2818 273 2878 Thr.
288 2837 314 2879 r.
331 2815 413 2878 chi?
448 2818 498 2879 Ita
520 2817 595 2879 alibi
616 2820 626 2851 ‘
632 2821 815 2899 tempestiva
830 2820 908 2897 petit
919 2817 1049 2878 Rhode’
1071 2819 1164 2878 ‘veu-

197 2911 357 2983 torumqne
378 2911 467 2983 regat
487 2905 595 2983 pater'
618 2904 759 2984 ‘eulpam
779 2922 882 2982 poena
902 2903 1014 2982 premit
1035 2905 1163 2964 eomes'.

197 2986 291 3048 Amat
312 2989 437 3048 omnino
459 2996 553 3067 poeta
573 2987 607 3047 in
628 2987 688 3049 hoo
708 2995 805 3048 metro
826 2985 922 3046 verba
942 2985 1073 3048 iambica
1094 2986 1166 3047 looo

196 3072 272 3150 poni
293 3072 499 3151 paenultimo‚
521 3071 587 3132 nisi
603 3071 729 3151 quando
752 3070 928 3150 euphoniae
949 3071 1020 3150 lege
1040 3079 1168 3132 vetatur

196 3163 231 3216 ut
253 3172 301 3230 111,
325 3158 354 3230 ⁷,
380 3159 431 3217 16.

260 3259 307 3314 111,
325 3243 375 3313 10,
392 3242 411 3301 8
433 3259 509 3315 puro
529 3246 644 3300 nemim
658 3241 802 3315 Iuppiter.
830 3240 914 3303 Vere
929 3240 1053 3301 omnino
1068 3241 1166 3301 Bent-

196 3323 289 3398 leins,
313 3325 376 3384 nisi
390 3324 495 3398 fallor,
519 3326 656 3404 reposuit
670 3325 749 3386 illud
771 3324 901 3403 ‘duro'3
924 3345 997 3386 nam
1010 3327 1166 3404 quomodo
1230 3392 1233 3395 ,

196 3427 273 3486 puro
300 3410 421 3468 numini
451 3408 503 3469 hie
530 3409 628 3487 possit
655 3428 722 3470 esse
753 3410 853 3485 loeus,
888 3429 957 3470 eum
984 3412 1166 3488 praesertim

197 3501 346 3572 appareat
367 3512 457 3553 versu
484 3493 593 3555 ultimo
614 3491 917 3571 παρακλαυσίθυρον
938 3493 997 3553 hoo
1019 3493 1165 3555 detenta·
