2558 4022
217 222 282 304 240
576 243 832 301 selsrvmavu
997 270 1002 279 ,
1123 240 1186 315 [uc

219 420 269 470 430
283 406 334 472 Ex
356 407 456 472 oculis
477 427 596 491 rorem,
620 407 726 490 saliet,
748 406 862 473 tundet
882 405 962 491 pede
983 408 1112 472 terram.

282 491 328 557 Vt
349 493 404 576 qui
426 491 574 556 conducti
595 492 724 576 plorant
745 492 780 556 in
801 490 928 575 funere,
950 490 1060 556 dicunt

281 575 327 641 Et
346 576 470 640 faciunt
488 597 547 660 pro
571 597 588 641 e
609 575 703 661 plma
723 575 904 641 dolentibus
927 595 967 640 ex
987 574 1112 656 animo,
1137 573 1186 639 sic

282 658 414 725 Derisor
435 681 509 725 vero
530 598 602 746 pius
624 660 788 726 laudatore
809 661 962 724 movetur.

281 744 387 831 Reges
409 743 557 809 dicuntur
576 745 686 810 multis
707 765 842 831 urguere
863 743 988 808 culullis

219 841 269 892 set
283 829 328 894 Et
348 833 496 914 torquere
518 850 621 911 mero,
644 849 739 913 quem
760 828 959 913 perspexisse
980 827 1147 911 laborant,

282 915 336 979 An
358 914 401 978 sit
421 914 562 979 amicitia
583 914 715 999 dignus3
737 913 765 977 si
786 912 929 978 carmina
950 911 1085 997 condes,

282 996 465 1083 Numquam
486 1001 518 1062 te
539 998 655 1063 fallant
675 998 775 1062 animi
796 997 855 1062 sub
876 997 970 1081 volpe
991 997 1140 1062 latentes.

283 1082 439 1159 Quintilio
460 1081 566 1166 siquid
586 1083 750 1165 recitares,
773 1081 922 1166 ‘corrige‚
945 1079 1054 1163 sodes,

282 1166 365 1231 Hoc'
387 1164 494 1231 aiebat
514 1169 560 1231 ‘et
579 1165 663 1231 hoc'
707 1165 822 1231 Melius
842 1169 875 1230 te
897 1185 991 1250 posse
1011 1186 1150 1250 negares
1156 1215 1166 1249 ,

219 1263 270 1314 440
283 1250 340 1316 Bis
361 1253 472 1335 terque
493 1254 658 1334 expertum
679 1250 813 1317 frustm:
835 1250 940 1315 delere
961 1248 1092 1314 iubebat

281 1334 327 1400 Et
346 1334 430 1400 male
450 1337 596 1401 tornatos
618 1334 727 1400 incudi
747 1334 878 1401 reddere
898 1355 1017 1400 versus.

283 1418 318 1485 si
339 1418 509 1485 defendere
531 1419 681 1485 delictum
703 1441 796 1504 quam
817 1421 939 1485 vertere
959 1417 1086 1500 malles,

281 1503 414 1585 Nullum
452 1505 537 1570 ultra
573 1504 705 1569 verbum
741 1507 797 1569 aut
828 1523 963 1601 ‘operam
1000 1503 1187 1567 insumebat

825 1609 968 1671 manem,

283 1671 368 1748 Quin
390 1673 458 1738 sine
479 1673 572 1738 rivali
593 1676 687 1758 teque
709 1677 742 1738 et
762 1675 819 1738 tua
839 1672 926 1738 solus
947 1692 1080 1737 amares.

219 1768 269 1819 445
283 1756 344 1821 Vir
363 1757 466 1822 bonus
481 1761 514 1822 et
533 1757 673 1842 prudens
693 1779 801 1823 versus
823 1755 1033 1841 reprehendet
1053 1755 1185 1839 inertes,

283 1839 434 1925 Culpabit
455 1841 565 1925 duros,
591 1843 763 1927 incomptis
784 1841 904 1906 adlinet
925 1842 1029 1905 atrum

283 1924 477 1991 Transverso
500 1927 622 1992 calamo
646 1927 788 2011 signum5
810 1925 979 1990 ambitiosa
998 1924 1121 1990 recidet

284 2008 493 2094 Ornammta,
515 2033 628 2095 parum
650 2011 744 2076 claris
765 2011 869 2075 lucem
890 2009 966 2075 dare
987 2013 1097 2107 coget,

283 2094 408 2180 Arguat
428 2095 513 2159 ambi
559 2117 576 2160 e
597 2095 732 2178 dictum,
754 2093 907 2160 mutanda
927 2094 1068 2177 notabit,

220 2190 271 2241 tto
285 2178 356 2243 Fiet
377 2179 520 2245 Aristarc
543 2201 596 2264 us3
618 2201 685 2244 non
706 2179 791 2245 dicet
812 2187 881 2244 ‘cur
902 2199 962 2265 ego
984 2179 1123 2244 amicum

285 2262 452 2329 Offendam
473 2264 508 2328 in
528 2263 659 2349 nugisl'
695 2263 765 2329 Hae
785 2285 891 2350 nugae
912 2263 996 2328 seria
1016 2262 1135 2328 ducent

282 2347 324 2412 in
344 2349 429 2412 mala
450 2347 588 2413 derisum
610 2349 707 2415 semel
730 2351 958 2433 exceptumque
978 2347 1116 2412 sinistre.

283 2431 329 2496 Vt
349 2433 434 2497 mala
455 2454 549 2530 quem
570 2432 692 2498 scabies
714 2436 770 2497 aut
788 2434 917 2498 morbus
938 2433 1045 2518 regius
1065 2435 1189 2518 urguet

284 2516 352 2581 Aut
372 2516 529 2581 fanatrcus
550 2538 638 2581 error
659 2520 692 2582 et
712 2516 865 2583 iracunde
885 2515 1004 2602 Diana,
1042 2528 1046 2533 ‘

221 2611 271 2662 tto
286 2599 449 2664 Vesanum
469 2601 615 2686 tetigisse
636 2602 751 2667 timent
764 2602 961 2701 ‘fugiuntque
981 2604 1124 2686 poetam,

285 2682 347 2761 Qui
368 2684 509 2768 sapiunt·
536 2686 663 2771 agitant
682 2707 772 2771 pueri
794 2686 976 2770 mcautiquc
998 2689 1188 2769 sequuntur.

284 2768 347 2834 Hic
368 2768 444 2852 dum
466 2735 609 2836 sublimis
630 2792 739 2835 versus
760 2773 903 2835 ructatur
924 2774 957 2836 et
977 2773 1076 2854 errat,

285 2852 320 2918 si
341 2854 439 2918 veluti
460 2854 590 2919 merulis
611 2856 754 2921 intentus
776 2854 893 2920 decidit
913 2876 1029 2940 auceps

284 2937 324 3002 In
345 2941 477 3020 puteum
497 2938 675 3022 foveamve,
698 2938 773 3003 licet
795 2941 992 3004 ‘succurrite’
1014 2940 1154 3025 longum

222 3032 272 3085 460
288 3019 411 3086 Clamet
433 3022 476 3086 ‘io
498 3024 610 3107 cives,’
632 3024 763 3088 nonsit
785 3025 839 3108 qui
860 3024 973 3089 tollere
994 3028 1093 3090 curet.

286 3104 321 3170 si
343 3108 432 3172 curet
453 3107 523 3191 quis
545 3128 639 3191 opem
661 3107 743 3173 ferre
765 3111 797 3172 et
813 3107 984 3173 demittere
1005 3107 1118 3174 funem
1125 3161 1136 3194 ,
1249 3164 1253 3175 .

286 3188 361 3266 ‘Qui
383 3190 458 3275 scis,
481 3213 523 3256 an
543 3192 682 3276 prudens
703 3192 766 3258 huc
787 3214 822 3257 se
842 3192 1012 3278 proiecerit
1032 3197 1132 3278 atque

286 3274 411 3340 Servari
432 3274 548 3340 nolitl’
572 3275 674 3340 dicam
696 3276 856 3362 Siculique
877 3281 990 3362 poetae

285 3357 431 3425 Narrabo
452 3360 624 3426 interitum.
668 3359 755 3427 Deus
777 3362 956 3428 inmortalis
978 3361 1091 3429 haberi

223 3454 272 3505 465
286 3440 372 3507 Dum
387 3443 475 3527 cupit
485 3443 705 3530 Empedocles,
721 3446 883 3512 ardentem
898 3446 1032 3532 frigidus
1045 3448 1194 3516 Aetnam

286 3525 422 3592 insiluit.
460 3526 510 3593 sit
529 3529 578 3592 ius
600 3529 755 3615 liceatque
776 3531 879 3616 perire
901 3531 1018 3617 poetis:
