<?xml version="1.0" encoding="UTF-8"?>
<!DOCTYPE html PUBLIC "-//W3C//DTD XHTML 1.0 Transitional//EN"
    "http://www.w3.org/TR/xhtml1/DTD/xhtml1-transitional.dtd">
<html xmlns="http://www.w3.org/1999/xhtml" xml:lang="en" lang="en">
 <head>
  <title>
</title>
<meta http-equiv="Content-Type" content="text/html;charset=utf-8" />
  <meta name='ocr-system' content='tesseract 3.04.00' />
  <meta name='ocr-capabilities' content='ocr_page ocr_carea ocr_par ocr_line ocrx_word'/>
</head>
<body>
  <div class='ocr_page' id='page_1' title='image "./qhoratiiflacica00mlgoog_0292.png"; bbox 0 0 2558 4022; ppageno 0'>
   <div class='ocr_carea' id='block_1_1' title="bbox 11 484 320 553">
    <p class='ocr_par' dir='ltr' id='par_1_1' title="bbox 11 484 320 553">
     <span class='ocr_line' id='line_1_1' title="bbox 11 484 320 553; baseline 0 0"><span class='ocrx_word' id='word_1_1' title='bbox 11 512 12 537; x_wconf 82' lang='lat'>1</span> <span class='ocrx_word' id='word_1_2' title='bbox 110 488 217 553; x_wconf 88' lang='lat' dir='ltr'><strong>ana</strong></span> <span class='ocrx_word' id='word_1_3' title='bbox 237 484 320 553; x_wconf 83' lang='lat' dir='ltr'><strong>feres</strong></span> 
     </span>
    </p>
   </div>
   <div class='ocr_carea' id='block_1_2' title="bbox 111 242 1070 337">
    <p class='ocr_par' dir='ltr' id='par_1_2' title="bbox 111 242 1070 337">
     <span class='ocr_line' id='line_1_2' title="bbox 111 242 1070 337; baseline 0.009 -39"><span class='ocrx_word' id='word_1_4' title='bbox 111 242 170 316; x_wconf 89' lang='grc'>111]</span> <span class='ocrx_word' id='word_1_5' title='bbox 300 322 311 337; x_wconf 86' lang='lat'><em>.</em></span> <span class='ocrx_word' id='word_1_6' title='bbox 512 242 663 301; x_wconf 80' lang='grc'>1111111</span> <span class='ocrx_word' id='word_1_7' title='bbox 1012 242 1070 307; x_wconf 85' lang='grc'><strong>191</strong></span> 
     </span>
    </p>
   </div>
   <div class='ocr_carea' id='block_1_3' title="bbox 110 390 966 552">
    <p class='ocr_par' dir='ltr' id='par_1_3' title="bbox 110 390 966 552">
     <span class='ocr_line' id='line_1_3' title="bbox 110 390 966 552; baseline 0.004 -82"><span class='ocrx_word' id='word_1_8' title='bbox 110 403 315 502; x_wconf 74' lang='lat' dir='ltr'><strong>Respondete</strong></span> <span class='ocrx_word' id='word_1_9' title='bbox 335 390 430 552; x_wconf 56' lang='lat' dir='ltr'><strong>plaras</strong></span> <span class='ocrx_word' id='word_1_10' title='bbox 452 425 508 469; x_wconf 87' lang='lat' dir='ltr'><strong>seu</strong></span> <span class='ocrx_word' id='word_1_11' title='bbox 530 405 641 470; x_wconf 86' lang='lat' dir='ltr'><strong>condis</strong></span> <span class='ocrx_word' id='word_1_12' title='bbox 666 406 803 472; x_wconf 77' lang='lat' dir='ltr'><strong>amabile</strong></span> <span class='ocrx_word' id='word_1_13' title='bbox 824 429 966 492; x_wconf 85' lang='lat' dir='ltr'><strong>carmen,</strong></span> 
     </span>
    </p>
   </div>
   <div class='ocr_carea' id='block_1_4' title="bbox 11 572 1075 1248">
    <p class='ocr_par' dir='ltr' id='par_1_4' title="bbox 109 572 915 659">
     <span class='ocr_line' id='line_1_4' title="bbox 109 572 915 659; baseline 0.004 -21"><span class='ocrx_word' id='word_1_14' title='bbox 109 572 240 658; x_wconf 80' lang='lat' dir='ltr'><strong>Frigida</strong></span> <span class='ocrx_word' id='word_1_15' title='bbox 260 593 408 637; x_wconf 90' lang='lat' dir='ltr'><strong>curarum</strong></span> <span class='ocrx_word' id='word_1_16' title='bbox 428 572 572 637; x_wconf 85' lang='lat' dir='ltr'><strong>fomenta</strong></span> <span class='ocrx_word' id='word_1_17' title='bbox 592 574 770 658; x_wconf 89' lang='lat' dir='ltr'><strong>rehnquere</strong></span> <span class='ocrx_word' id='word_1_18' title='bbox 791 596 915 659; x_wconf 84' lang='lat' dir='ltr'><strong>posses:</strong></span> 
     </span>
    </p>

    <p class='ocr_par' dir='ltr' id='par_1_5' title="bbox 111 656 838 742">
     <span class='ocr_line' id='line_1_5' title="bbox 111 656 838 742; baseline 0.004 -22"><span class='ocrx_word' id='word_1_19' title='bbox 111 656 179 732; x_wconf 87' lang='lat' dir='ltr'><strong>Quo</strong></span> <span class='ocrx_word' id='word_1_20' title='bbox 200 660 233 721; x_wconf 91' lang='lat' dir='ltr'><strong>tc</strong></span> <span class='ocrx_word' id='word_1_21' title='bbox 255 657 401 723; x_wconf 87' lang='lat' dir='ltr'><strong>caelestis</strong></span> <span class='ocrx_word' id='word_1_22' title='bbox 423 657 581 742; x_wconf 86' lang='lat' dir='ltr'><strong>sapientia</strong></span> <span class='ocrx_word' id='word_1_23' title='bbox 602 657 744 742; x_wconf 88' lang='lat' dir='ltr'><strong>duceret,</strong></span> <span class='ocrx_word' id='word_1_24' title='bbox 766 659 838 724; x_wconf 87' lang='lat' dir='ltr'><strong>ires.</strong></span> 
     </span>
    </p>

    <p class='ocr_par' dir='ltr' id='par_1_6' title="bbox 110 740 1008 829">
     <span class='ocr_line' id='line_1_6' title="bbox 110 740 1008 829; baseline 0.002 -23"><span class='ocrx_word' id='word_1_25' title='bbox 110 740 180 806; x_wconf 89' lang='lat' dir='ltr'><strong>Hoc</strong></span> <span class='ocrx_word' id='word_1_26' title='bbox 195 761 285 825; x_wconf 88' lang='lat' dir='ltr'><strong>opus,</strong></span> <span class='ocrx_word' id='word_1_27' title='bbox 300 740 363 805; x_wconf 89' lang='lat' dir='ltr'><strong>hoc</strong></span> <span class='ocrx_word' id='word_1_28' title='bbox 377 740 517 806; x_wconf 88' lang='lat' dir='ltr'><strong>studium</strong></span> <span class='ocrx_word' id='word_1_29' title='bbox 530 742 621 826; x_wconf 81' lang='lat' dir='ltr'><strong>parvi</strong></span> <span class='ocrx_word' id='word_1_30' title='bbox 635 764 839 827; x_wconf 82' lang='lat' dir='ltr'>properemus</span> <span class='ocrx_word' id='word_1_31' title='bbox 854 747 887 808; x_wconf 87' lang='lat' dir='ltr'><strong>et</strong></span> <span class='ocrx_word' id='word_1_32' title='bbox 901 745 1008 829; x_wconf 87' lang='lat' dir='ltr'><strong>ampli,</strong></span> 
     </span>
    </p>

    <p class='ocr_par' dir='ltr' id='par_1_7' title="bbox 112 825 863 909">
     <span class='ocr_line' id='line_1_7' title="bbox 112 825 863 909; baseline 0.001 -19"><span class='ocrx_word' id='word_1_33' title='bbox 112 825 145 890; x_wconf 81' lang='lat' dir='ltr'><strong>Si</strong></span> <span class='ocrx_word' id='word_1_34' title='bbox 165 826 289 908; x_wconf 78' lang='lat' dir='ltr'>patriae</span> <span class='ocrx_word' id='word_1_35' title='bbox 310 825 472 909; x_wconf 77' lang='lat' dir='ltr'><strong>volumus,</strong></span> <span class='ocrx_word' id='word_1_36' title='bbox 496 827 524 890; x_wconf 87' lang='lat' dir='ltr'><strong>si</strong></span> <span class='ocrx_word' id='word_1_37' title='bbox 544 826 639 890; x_wconf 89' lang='lat' dir='ltr'><strong>nobis</strong></span> <span class='ocrx_word' id='word_1_38' title='bbox 660 827 766 891; x_wconf 81' lang='lat' dir='ltr'><strong>vivere</strong></span> <span class='ocrx_word' id='word_1_39' title='bbox 789 828 863 892; x_wconf 87' lang='lat' dir='ltr'><strong>cari.</strong></span> 
     </span>
    </p>

    <p class='ocr_par' dir='ltr' id='par_1_8' title="bbox 110 908 1074 1077">
     <span class='ocr_line' id='line_1_8' title="bbox 110 908 1074 996; baseline 0.002 -23"><span class='ocrx_word' id='word_1_40' title='bbox 110 908 215 974; x_wconf 83' lang='lat' dir='ltr'><strong>Debes</strong></span> <span class='ocrx_word' id='word_1_41' title='bbox 236 908 299 973; x_wconf 92' lang='lat' dir='ltr'><strong>hoc</strong></span> <span class='ocrx_word' id='word_1_42' title='bbox 321 908 417 973; x_wconf 88' lang='lat' dir='ltr'><strong>etiam</strong></span> <span class='ocrx_word' id='word_1_43' title='bbox 437 910 625 994; x_wconf 77' lang='lat' dir='ltr'><strong>rescribere,</strong></span> <span class='ocrx_word' id='word_1_44' title='bbox 648 910 691 975; x_wconf 90' lang='lat' dir='ltr'><strong>sit</strong></span> <span class='ocrx_word' id='word_1_45' title='bbox 711 912 771 975; x_wconf 86' lang='lat' dir='ltr'><strong>tibi</strong></span> <span class='ocrx_word' id='word_1_46' title='bbox 793 933 901 996; x_wconf 88' lang='lat' dir='ltr'><strong>curae,</strong></span> <span class='ocrx_word' id='word_1_47' title='bbox 1040 924 1074 975; x_wconf 85' lang='lat'><strong>30</strong></span> 
     </span>
     <span class='ocr_line' id='line_1_9' title="bbox 111 992 938 1077; baseline 0.005 -21"><span class='ocrx_word' id='word_1_48' title='bbox 111 992 254 1070; x_wconf 88' lang='lat' dir='ltr'><strong>Quantae</strong></span> <span class='ocrx_word' id='word_1_49' title='bbox 277 993 459 1077; x_wconf 86' lang='lat' dir='ltr'><strong>conveniat,</strong></span> <span class='ocrx_word' id='word_1_50' title='bbox 481 993 661 1077; x_wconf 89' lang='lat' dir='ltr'><strong>Munatius,</strong></span> <span class='ocrx_word' id='word_1_51' title='bbox 684 1017 727 1059; x_wconf 85' lang='lat' dir='ltr'><strong>an</strong></span> <span class='ocrx_word' id='word_1_52' title='bbox 747 996 938 1060; x_wconf 86' lang='lat' dir='ltr'><strong>malesarta</strong></span> 
     </span>
    </p>

    <p class='ocr_par' dir='ltr' id='par_1_9' title="bbox 11 1077 940 1177">
     <span class='ocr_line' id='line_1_10' title="bbox 11 1077 940 1177; baseline 0.002 -35"><span class='ocrx_word' id='word_1_53' title='bbox 11 1142 12 1153; x_wconf 62' lang='grc'>,</span> <span class='ocrx_word' id='word_1_54' title='bbox 112 1077 223 1142; x_wconf 80' lang='lat' dir='ltr'><strong>Gratia</strong></span> <span class='ocrx_word' id='word_1_55' title='bbox 244 1078 436 1161; x_wconf 81' lang='lat' dir='ltr'><strong>nequiquam</strong></span> <span class='ocrx_word' id='word_1_56' title='bbox 458 1079 524 1142; x_wconf 90' lang='lat' dir='ltr'><strong>coit</strong></span> <span class='ocrx_word' id='word_1_57' title='bbox 545 1081 578 1145; x_wconf 86' lang='lat' dir='ltr'><strong>et</strong></span> <span class='ocrx_word' id='word_1_58' title='bbox 598 1078 803 1177; x_wconf 88' lang='lat' dir='ltr'><strong>rescinditur,</strong></span> <span class='ocrx_word' id='word_1_59' title='bbox 826 1101 862 1144; x_wconf 92' lang='lat' dir='ltr'><strong>ac</strong></span> <span class='ocrx_word' id='word_1_60' title='bbox 883 1102 940 1144; x_wconf 88' lang='lat' dir='ltr'><strong>vos</strong></span> 
     </span>
    </p>

    <p class='ocr_par' dir='ltr' id='par_1_10' title="bbox 112 1160 1075 1248">
     <span class='ocr_line' id='line_1_11' title="bbox 112 1160 1075 1248; baseline 0.002 -21"><span class='ocrx_word' id='word_1_61' title='bbox 112 1160 173 1227; x_wconf 85' lang='lat' dir='ltr'><strong>Seu</strong></span> <span class='ocrx_word' id='word_1_62' title='bbox 194 1161 317 1225; x_wconf 89' lang='lat' dir='ltr'><strong>calidus</strong></span> <span class='ocrx_word' id='word_1_63' title='bbox 338 1163 467 1248; x_wconf 80' lang='lat' dir='ltr'><strong>sanguis</strong></span> <span class='ocrx_word' id='word_1_64' title='bbox 490 1183 546 1226; x_wconf 88' lang='lat' dir='ltr'><strong>seu</strong></span> <span class='ocrx_word' id='word_1_65' title='bbox 566 1184 672 1228; x_wconf 87' lang='lat' dir='ltr'><strong>rerum</strong></span> <span class='ocrx_word' id='word_1_66' title='bbox 693 1163 820 1229; x_wconf 73' lang='lat' dir='ltr'><strong>inscitia</strong></span> <span class='ocrx_word' id='word_1_67' title='bbox 840 1169 934 1228; x_wconf 85' lang='lat' dir='ltr'><strong>vexat</strong></span> <span class='ocrx_word' id='word_1_68' title='bbox 1070 1167 1075 1176; x_wconf 79' lang='grc'><strong><em>’</em></strong></span> 
     </span>
    </p>
   </div>
   <div class='ocr_carea' id='block_1_5' title="bbox 11 1244 921 1331">
    <p class='ocr_par' dir='ltr' id='par_1_11' title="bbox 11 1244 921 1331">
     <span class='ocr_line' id='line_1_12' title="bbox 11 1244 921 1331; baseline 0.002 -21"><span class='ocrx_word' id='word_1_69' title='bbox 11 1246 12 1251; x_wconf 73' lang='grc'>’</span> <span class='ocrx_word' id='word_1_70' title='bbox 111 1244 272 1310; x_wconf 75' lang='lat' dir='ltr'><strong>Indomita</strong></span> <span class='ocrx_word' id='word_1_71' title='bbox 292 1247 413 1311; x_wconf 79' lang='lat' dir='ltr'><strong>cervice</strong></span> <span class='ocrx_word' id='word_1_72' title='bbox 430 1245 542 1311; x_wconf 74' lang='lat' dir='ltr'><strong>leros?</strong></span> <span class='ocrx_word' id='word_1_73' title='bbox 564 1246 764 1331; x_wconf 82' lang='lat' dir='ltr'><strong>Vbicumque</strong></span> <span class='ocrx_word' id='word_1_74' title='bbox 778 1249 921 1312; x_wconf 83' lang='lat' dir='ltr'><strong>locorum</strong></span> 
     </span>
    </p>
   </div>
   <div class='ocr_carea' id='block_1_6' title="bbox 111 1328 1073 1481">
    <p class='ocr_par' dir='ltr' id='par_1_12' title="bbox 111 1328 1073 1481">
     <span class='ocr_line' id='line_1_13' title="bbox 111 1328 1073 1417; baseline 0.002 -23"><span class='ocrx_word' id='word_1_75' title='bbox 111 1328 242 1413; x_wconf 70' lang='lat' dir='ltr'><strong>vivitis,</strong></span> <span class='ocrx_word' id='word_1_76' title='bbox 264 1329 390 1417; x_wconf 81' lang='lat' dir='ltr'><strong>indigni</strong></span> <span class='ocrx_word' id='word_1_77' title='bbox 411 1330 587 1395; x_wconf 85' lang='lat' dir='ltr'><strong>fraternum</strong></span> <span class='ocrx_word' id='word_1_78' title='bbox 607 1352 755 1415; x_wconf 88' lang='lat' dir='ltr'><strong>rumpere</strong></span> <span class='ocrx_word' id='word_1_79' title='bbox 776 1332 903 1415; x_wconf 87' lang='lat' dir='ltr'><strong>foedus,</strong></span> <span class='ocrx_word' id='word_1_80' title='bbox 1039 1345 1073 1396; x_wconf 78' lang='grc'><strong>31</strong></span> 
     </span>
     <span class='ocr_line' id='line_1_14' title="bbox 111 1412 919 1481; baseline 0.002 -3"><span class='ocrx_word' id='word_1_81' title='bbox 111 1412 256 1478; x_wconf 86' lang='lat' dir='ltr'><strong>Pascitur</strong></span> <span class='ocrx_word' id='word_1_82' title='bbox 276 1413 312 1478; x_wconf 92' lang='lat' dir='ltr'><strong>in</strong></span> <span class='ocrx_word' id='word_1_83' title='bbox 332 1416 473 1480; x_wconf 76' lang='grc'>1111111111</span> <span class='ocrx_word' id='word_1_84' title='bbox 493 1414 630 1480; x_wconf 86' lang='lat' dir='ltr'><strong>reditum</strong></span> <span class='ocrx_word' id='word_1_85' title='bbox 649 1415 757 1480; x_wconf 80' lang='grc'>111111</span> <span class='ocrx_word' id='word_1_86' title='bbox 776 1415 919 1481; x_wconf 85' lang='lat' dir='ltr'><strong>iuvenca.</strong></span> 
     </span>
    </p>
   </div>
   <div class='ocr_carea' id='block_1_7' title="bbox 11 1816 987 2006">
    <p class='ocr_par' dir='ltr' id='par_1_13' title="bbox 11 1816 987 2006">
     <span class='ocr_line' id='line_1_15' title="bbox 11 1816 894 1925; baseline 0.003 -25"><span class='ocrx_word' id='word_1_87' title='bbox 11 1816 12 1823; x_wconf 40' lang='lat'><strong>,</strong></span> <span class='ocrx_word' id='word_1_88' title='bbox 111 1836 202 1919; x_wconf 83' lang='lat' dir='ltr'><strong>Albi,</strong></span> <span class='ocrx_word' id='word_1_89' title='bbox 223 1837 406 1900; x_wconf 87' lang='lat' dir='ltr'><strong>nostrorum</strong></span> <span class='ocrx_word' id='word_1_90' title='bbox 428 1854 610 1901; x_wconf 80' lang='lat' dir='ltr'><strong>sermonum</strong></span> <span class='ocrx_word' id='word_1_91' title='bbox 632 1836 764 1903; x_wconf 83' lang='lat' dir='ltr'><strong>candide</strong></span> <span class='ocrx_word' id='word_1_92' title='bbox 785 1837 894 1925; x_wconf 71' lang='lat' dir='ltr'><strong>iudeis,</strong></span> 
     </span>
     <span class='ocr_line' id='line_1_16' title="bbox 112 1919 987 2006; baseline 0.001 -21"><span class='ocrx_word' id='word_1_93' title='bbox 112 1919 194 1996; x_wconf 84' lang='lat' dir='ltr'><strong>Quid</strong></span> <span class='ocrx_word' id='word_1_94' title='bbox 215 1922 354 1984; x_wconf 77' lang='lat' dir='ltr'><strong>nuncto</strong></span> <span class='ocrx_word' id='word_1_95' title='bbox 377 1919 481 1984; x_wconf 87' lang='lat' dir='ltr'><strong>dicam</strong></span> <span class='ocrx_word' id='word_1_96' title='bbox 501 1920 606 1985; x_wconf 87' lang='lat' dir='ltr'><strong>facere</strong></span> <span class='ocrx_word' id='word_1_97' title='bbox 628 1921 663 1985; x_wconf 92' lang='lat' dir='ltr'><strong>in</strong></span> <span class='ocrx_word' id='word_1_98' title='bbox 683 1922 814 2006; x_wconf 84' lang='lat' dir='ltr'><strong>regione</strong></span> <span class='ocrx_word' id='word_1_99' title='bbox 836 1922 987 1988; x_wconf 82' lang='lat' dir='ltr'><strong>Pedana?</strong></span> 
     </span>
    </p>
   </div>
   <div class='ocr_carea' id='block_1_8' title="bbox 11 2002 1131 2098">
    <p class='ocr_par' dir='ltr' id='par_1_14' title="bbox 11 2002 1131 2098">
     <span class='ocr_line' id='line_1_17' title="bbox 11 2002 1131 2098; baseline 0.001 -29"><span class='ocrx_word' id='word_1_100' title='bbox 11 2040 13 2059; x_wconf 53' lang='grc'><strong>1</strong></span> <span class='ocrx_word' id='word_1_101' title='bbox 112 2002 255 2069; x_wconf 83' lang='lat' dir='ltr'><strong>Scribere</strong></span> <span class='ocrx_word' id='word_1_102' title='bbox 277 2003 361 2087; x_wconf 89' lang='lat' dir='ltr'><strong>quod</strong></span> <span class='ocrx_word' id='word_1_103' title='bbox 385 2002 475 2069; x_wconf 80' lang='lat' dir='ltr'><strong>Cassi</strong></span> <span class='ocrx_word' id='word_1_104' title='bbox 496 2003 678 2070; x_wconf 79' lang='lat' dir='ltr'><strong>Parmensis</strong></span> <span class='ocrx_word' id='word_1_105' title='bbox 700 2006 852 2088; x_wconf 85' lang='lat' dir='ltr'><strong>opuscula</strong></span> <span class='ocrx_word' id='word_1_106' title='bbox 872 2008 994 2090; x_wconf 82' lang='lat' dir='ltr'><strong>vincat,</strong></span> <span class='ocrx_word' id='word_1_107' title='bbox 1127 2091 1131 2098; x_wconf 28' lang='grc' dir='ltr'><strong><em>Ι</em></strong></span> 
     </span>
    </p>
   </div>
   <div class='ocr_carea' id='block_1_9' title="bbox 11 2088 1071 2355">
    <p class='ocr_par' dir='ltr' id='par_1_15' title="bbox 11 2088 1071 2355">
     <span class='ocr_line' id='line_1_18' title="bbox 110 2088 864 2174; baseline 0.003 -22"><span class='ocrx_word' id='word_1_108' title='bbox 110 2090 163 2152; x_wconf 86' lang='lat' dir='ltr'><strong>An</strong></span> <span class='ocrx_word' id='word_1_109' title='bbox 183 2088 317 2152; x_wconf 83' lang='lat' dir='ltr'><strong>tacitum</strong></span> <span class='ocrx_word' id='word_1_110' title='bbox 339 2088 434 2152; x_wconf 83' lang='lat' dir='ltr'><strong>silvas</strong></span> <span class='ocrx_word' id='word_1_111' title='bbox 455 2088 540 2152; x_wconf 87' lang='lat' dir='ltr'><strong>inter</strong></span> <span class='ocrx_word' id='word_1_112' title='bbox 560 2091 685 2172; x_wconf 88' lang='lat' dir='ltr'><strong>reptare</strong></span> <span class='ocrx_word' id='word_1_113' title='bbox 707 2090 864 2174; x_wconf 84' lang='lat' dir='ltr'><strong>salubres,</strong></span> 
     </span>
     <span class='ocr_line' id='line_1_19' title="bbox 11 2171 1071 2258; baseline -0.004 -18"><span class='ocrx_word' id='word_1_114' title='bbox 11 2228 13 2241; x_wconf 81' lang='grc'>.</span> <span class='ocrx_word' id='word_1_115' title='bbox 112 2171 284 2238; x_wconf 73' lang='lat' dir='ltr'><strong>(iurantem</strong></span> <span class='ocrx_word' id='word_1_116' title='bbox 306 2172 458 2256; x_wconf 90' lang='lat' dir='ltr'><strong>quidquid</strong></span> <span class='ocrx_word' id='word_1_117' title='bbox 480 2172 614 2258; x_wconf 82' lang='lat' dir='ltr'><strong>dignum</strong></span> <span class='ocrx_word' id='word_1_118' title='bbox 636 2172 779 2256; x_wconf 75' lang='lat' dir='ltr'><strong>sapiente</strong></span> <span class='ocrx_word' id='word_1_119' title='bbox 800 2173 1002 2257; x_wconf 84' lang='lat' dir='ltr'><strong>bonoquest?</strong></span> <span class='ocrx_word' id='word_1_120' title='bbox 1055 2187 1071 2235; x_wconf 82' lang='lat'>5</span> 
     </span>
     <span class='ocr_line' id='line_1_20' title="bbox 110 2254 1007 2355; baseline 0.001 -34"><span class='ocrx_word' id='word_1_121' title='bbox 110 2255 186 2322; x_wconf 91' lang='lat' dir='ltr'><strong>Non</strong></span> <span class='ocrx_word' id='word_1_122' title='bbox 207 2260 243 2320; x_wconf 87' lang='lat' dir='ltr'><strong>tu</strong></span> <span class='ocrx_word' id='word_1_123' title='bbox 258 2277 372 2355; x_wconf 72' lang='lat' dir='ltr'><strong>empus</strong></span> <span class='ocrx_word' id='word_1_124' title='bbox 388 2278 457 2321; x_wconf 91' lang='lat' dir='ltr'><strong>eras</strong></span> <span class='ocrx_word' id='word_1_125' title='bbox 473 2256 542 2321; x_wconf 90' lang='lat' dir='ltr'><strong>sine</strong></span> <span class='ocrx_word' id='word_1_126' title='bbox 563 2258 699 2340; x_wconf 85' lang='lat' dir='ltr'><strong>pectore.</strong></span> <span class='ocrx_word' id='word_1_127' title='bbox 731 2254 775 2321; x_wconf 91' lang='lat' dir='ltr'><strong>Di</strong></span> <span class='ocrx_word' id='word_1_128' title='bbox 788 2256 848 2321; x_wconf 84' lang='lat' dir='ltr'><strong>tibi</strong></span> <span class='ocrx_word' id='word_1_129' title='bbox 862 2256 1007 2341; x_wconf 83' lang='lat' dir='ltr'><strong>formam,</strong></span> 
     </span>
    </p>
   </div>
   <div class='ocr_carea' id='block_1_10' title="bbox 11 2339 1006 2594">
    <p class='ocr_par' dir='ltr' id='par_1_16' title="bbox 11 2339 1006 2594">
     <span class='ocr_line' id='line_1_21' title="bbox 11 2339 897 2425; baseline -0.001 -20"><span class='ocrx_word' id='word_1_130' title='bbox 11 2376 12 2417; x_wconf 58' lang='grc'><strong>1</strong></span> <span class='ocrx_word' id='word_1_131' title='bbox 110 2339 153 2405; x_wconf 91' lang='lat' dir='ltr'><strong>Di</strong></span> <span class='ocrx_word' id='word_1_132' title='bbox 173 2341 234 2404; x_wconf 90' lang='lat' dir='ltr'><strong>tibi</strong></span> <span class='ocrx_word' id='word_1_133' title='bbox 256 2341 383 2407; x_wconf 74' lang='grc'>(11111111</span> <span class='ocrx_word' id='word_1_134' title='bbox 405 2340 560 2405; x_wconf 87' lang='lat' dir='ltr'><strong>dederunt</strong></span> <span class='ocrx_word' id='word_1_135' title='bbox 580 2343 742 2425; x_wconf 82' lang='lat' dir='ltr'><strong>artemque</strong></span> <span class='ocrx_word' id='word_1_136' title='bbox 762 2340 897 2405; x_wconf 83' lang='lat' dir='ltr'><strong>fruendi.</strong></span> 
     </span>
     <span class='ocr_line' id='line_1_22' title="bbox 11 2423 902 2508; baseline 0.001 -20"><span class='ocrx_word' id='word_1_137' title='bbox 11 2426 12 2471; x_wconf 82' lang='lat'>3</span> <span class='ocrx_word' id='word_1_138' title='bbox 111 2423 194 2502; x_wconf 86' lang='lat' dir='ltr'><strong>Quid</strong></span> <span class='ocrx_word' id='word_1_139' title='bbox 215 2427 329 2490; x_wconf 86' lang='lat' dir='ltr'><strong>voveat</strong></span> <span class='ocrx_word' id='word_1_140' title='bbox 350 2425 434 2489; x_wconf 89' lang='lat' dir='ltr'><strong>dulci</strong></span> <span class='ocrx_word' id='word_1_141' title='bbox 455 2426 613 2490; x_wconf 83' lang='lat' dir='ltr'><strong>nutricula</strong></span> <span class='ocrx_word' id='word_1_142' title='bbox 634 2425 736 2490; x_wconf 89' lang='lat' dir='ltr'><strong>maius</strong></span> <span class='ocrx_word' id='word_1_143' title='bbox 759 2425 902 2508; x_wconf 89' lang='lat' dir='ltr'><strong>alumno,</strong></span> 
     </span>
     <span class='ocr_line' id='line_1_23' title="bbox 11 2508 1006 2594; baseline 0 -21"><span class='ocrx_word' id='word_1_144' title='bbox 11 2538 13 2593; x_wconf 67' lang='grc' dir='ltr'><em>ξ</em></span> <span class='ocrx_word' id='word_1_145' title='bbox 112 2508 173 2584; x_wconf 91' lang='lat' dir='ltr'><strong>Qui</strong></span> <span class='ocrx_word' id='word_1_146' title='bbox 195 2530 305 2593; x_wconf 88' lang='lat' dir='ltr'><strong>sapere</strong></span> <span class='ocrx_word' id='word_1_147' title='bbox 327 2512 361 2573; x_wconf 88' lang='lat' dir='ltr'><strong>et</strong></span> <span class='ocrx_word' id='word_1_148' title='bbox 379 2509 441 2575; x_wconf 85' lang='lat' dir='ltr'><strong>sari</strong></span> <span class='ocrx_word' id='word_1_149' title='bbox 462 2510 668 2594; x_wconf 87' lang='lat' dir='ltr'><strong>possitquae</strong></span> <span class='ocrx_word' id='word_1_150' title='bbox 690 2510 822 2593; x_wconf 86' lang='lat' dir='ltr'><strong>sentiat,</strong></span> <span class='ocrx_word' id='word_1_151' title='bbox 845 2512 878 2574; x_wconf 91' lang='lat' dir='ltr'><strong>et</strong></span> <span class='ocrx_word' id='word_1_152' title='bbox 898 2510 950 2574; x_wconf 90' lang='lat' dir='ltr'><strong>cui</strong></span> <span class='ocrx_word' id='word_1_153' title='bbox 1003 2518 1006 2524; x_wconf 72' lang='grc'><strong><em>“</em></strong></span> 
     </span>
    </p>
   </div>
   <div class='ocr_carea' id='block_1_11' title="bbox 112 2593 1072 2680">
    <p class='ocr_par' dir='ltr' id='par_1_17' title="bbox 112 2593 1072 2680">
     <span class='ocr_line' id='line_1_24' title="bbox 112 2593 1072 2680; baseline -0.003 -23"><span class='ocrx_word' id='word_1_154' title='bbox 112 2593 236 2675; x_wconf 83' lang='lat' dir='ltr'><strong>Gratia,</strong></span> <span class='ocrx_word' id='word_1_155' title='bbox 259 2593 359 2676; x_wconf 89' lang='lat' dir='ltr'><strong>fama,</strong></span> <span class='ocrx_word' id='word_1_156' title='bbox 381 2594 528 2659; x_wconf 79' lang='lat' dir='ltr'><strong>valetudo</strong></span> <span class='ocrx_word' id='word_1_157' title='bbox 551 2595 718 2680; x_wconf 83' lang='lat' dir='ltr'><strong>contingat</strong></span> <span class='ocrx_word' id='word_1_158' title='bbox 739 2594 880 2678; x_wconf 90' lang='lat' dir='ltr'><strong>abunde,</strong></span> <span class='ocrx_word' id='word_1_159' title='bbox 1041 2607 1072 2655; x_wconf 86' lang='lat'><strong>10</strong></span> 
     </span>
    </p>
   </div>
   <div class='ocr_carea' id='block_1_12' title="bbox 11 2677 912 2847">
    <p class='ocr_par' dir='ltr' id='par_1_18' title="bbox 11 2677 912 2847">
     <span class='ocr_line' id='line_1_25' title="bbox 11 2677 905 2744; baseline 0 -2"><span class='ocrx_word' id='word_1_160' title='bbox 11 2690 13 2729; x_wconf 72' lang='grc' dir='ltr'>ἱ</span> <span class='ocrx_word' id='word_1_161' title='bbox 110 2677 154 2742; x_wconf 82' lang='lat' dir='ltr'><strong>Et</strong></span> <span class='ocrx_word' id='word_1_162' title='bbox 175 2677 312 2742; x_wconf 90' lang='lat' dir='ltr'><strong>mundus</strong></span> <span class='ocrx_word' id='word_1_163' title='bbox 334 2679 436 2743; x_wconf 81' lang='lat' dir='ltr'><strong>rictus</strong></span> <span class='ocrx_word' id='word_1_164' title='bbox 458 2699 525 2743; x_wconf 91' lang='lat' dir='ltr'><strong>non</strong></span> <span class='ocrx_word' id='word_1_165' title='bbox 546 2678 711 2744; x_wconf 88' lang='lat' dir='ltr'><strong>deficiente</strong></span> <span class='ocrx_word' id='word_1_166' title='bbox 734 2678 905 2742; x_wconf 76' lang='lat' dir='ltr'><strong>crumena?</strong></span> 
     </span>
     <span class='ocr_line' id='line_1_26' title="bbox 11 2761 912 2847; baseline -0.001 -21"><span class='ocrx_word' id='word_1_167' title='bbox 11 2766 12 2769; x_wconf 73' lang='grc'>’</span> <span class='ocrx_word' id='word_1_168' title='bbox 109 2761 200 2826; x_wconf 85' lang='lat' dir='ltr'><strong>Inter</strong></span> <span class='ocrx_word' id='word_1_169' title='bbox 222 2783 311 2846; x_wconf 90' lang='lat' dir='ltr'><strong>spem</strong></span> <span class='ocrx_word' id='word_1_170' title='bbox 334 2783 516 2847; x_wconf 88' lang='lat' dir='ltr'><strong>curamque,</strong></span> <span class='ocrx_word' id='word_1_171' title='bbox 538 2763 669 2828; x_wconf 87' lang='lat' dir='ltr'><strong>timores</strong></span> <span class='ocrx_word' id='word_1_172' title='bbox 690 2764 775 2827; x_wconf 86' lang='lat' dir='ltr'><strong>inter</strong></span> <span class='ocrx_word' id='word_1_173' title='bbox 796 2766 829 2827; x_wconf 91' lang='lat' dir='ltr'><strong>et</strong></span> <span class='ocrx_word' id='word_1_174' title='bbox 849 2764 912 2825; x_wconf 88' lang='lat' dir='ltr'><strong>iras</strong></span> 
     </span>
    </p>
   </div>
   <div class='ocr_carea' id='block_1_13' title="bbox 111 2845 1071 3186">
    <p class='ocr_par' dir='ltr' id='par_1_19' title="bbox 112 2845 944 2928">
     <span class='ocr_line' id='line_1_27' title="bbox 112 2845 944 2928; baseline -0.001 -17"><span class='ocrx_word' id='word_1_175' title='bbox 112 2845 249 2911; x_wconf 88' lang='lat' dir='ltr'><strong>Omnem</strong></span> <span class='ocrx_word' id='word_1_176' title='bbox 271 2845 362 2910; x_wconf 87' lang='lat' dir='ltr'><strong>crede</strong></span> <span class='ocrx_word' id='word_1_177' title='bbox 384 2846 468 2911; x_wconf 89' lang='lat' dir='ltr'><strong>diem</strong></span> <span class='ocrx_word' id='word_1_178' title='bbox 489 2846 549 2911; x_wconf 90' lang='lat' dir='ltr'><strong>tibi</strong></span> <span class='ocrx_word' id='word_1_179' title='bbox 571 2847 721 2911; x_wconf 87' lang='lat' dir='ltr'><strong>diluxisse</strong></span> <span class='ocrx_word' id='word_1_180' title='bbox 747 2867 944 2928; x_wconf 88' lang='lat' dir='ltr'><strong>supremum:</strong></span> 
     </span>
    </p>

    <p class='ocr_par' dir='ltr' id='par_1_20' title="bbox 112 2928 948 3078">
     <span class='ocr_line' id='line_1_28' title="bbox 112 2928 948 3078; baseline -0.001 -84"><span class='ocrx_word' id='word_1_181' title='bbox 112 2928 213 2994; x_wconf 80' lang='lat' dir='ltr'><strong>Grata</strong></span> <span class='ocrx_word' id='word_1_182' title='bbox 234 2932 448 3014; x_wconf 87' lang='lat' dir='ltr'><strong>superveniet,</strong></span> <span class='ocrx_word' id='word_1_183' title='bbox 472 2951 551 3078; x_wconf 74' lang='lat' dir='ltr'><strong>quae</strong></span> <span class='ocrx_word' id='word_1_184' title='bbox 572 2952 640 2995; x_wconf 91' lang='lat' dir='ltr'><strong>non</strong></span> <span class='ocrx_word' id='word_1_185' title='bbox 661 2930 840 3014; x_wconf 85' lang='lat' dir='ltr'><strong>sperabitur</strong></span> <span class='ocrx_word' id='word_1_186' title='bbox 860 2928 948 2994; x_wconf 88' lang='lat' dir='ltr'><strong>hora.</strong></span> 
     </span>
    </p>

    <p class='ocr_par' dir='ltr' id='par_1_21' title="bbox 111 3012 1071 3186">
     <span class='ocr_line' id='line_1_29' title="bbox 111 3012 1071 3099; baseline -0.001 -23"><span class='ocrx_word' id='word_1_187' title='bbox 111 3012 164 3077; x_wconf 90' lang='lat' dir='ltr'><strong>Me</strong></span> <span class='ocrx_word' id='word_1_188' title='bbox 185 3014 243 3098; x_wconf 89' lang='lat' dir='ltr'><strong>pin</strong></span> <span class='ocrx_word' id='word_1_189' title='bbox 289 3035 339 3078; x_wconf 82' lang='lat' dir='ltr'><strong>ern</strong></span> <span class='ocrx_word' id='word_1_190' title='bbox 361 3018 394 3078; x_wconf 89' lang='lat' dir='ltr'><strong>et</strong></span> <span class='ocrx_word' id='word_1_191' title='bbox 414 3014 475 3079; x_wconf 88' lang='lat' dir='ltr'><strong>niti</strong></span> <span class='ocrx_word' id='word_1_192' title='bbox 497 3037 552 3080; x_wconf 88' lang='lat' dir='ltr'><strong>um</strong></span> <span class='ocrx_word' id='word_1_193' title='bbox 572 3015 654 3079; x_wconf 88' lang='lat' dir='ltr'><strong>bene</strong></span> <span class='ocrx_word' id='word_1_194' title='bbox 675 3017 784 3078; x_wconf 87' lang='lat' dir='ltr'><strong>curata</strong></span> <span class='ocrx_word' id='word_1_195' title='bbox 806 3016 877 3078; x_wconf 86' lang='lat' dir='ltr'><strong>cute</strong></span> <span class='ocrx_word' id='word_1_196' title='bbox 898 3015 996 3099; x_wconf 84' lang='lat' dir='ltr'><strong>vises,</strong></span> <span class='ocrx_word' id='word_1_197' title='bbox 1041 3028 1071 3076; x_wconf 84' lang='lat'><strong>15</strong></span> 
     </span>
     <span class='ocr_line' id='line_1_30' title="bbox 112 3094 918 3186; baseline 0 -23"><span class='ocrx_word' id='word_1_198' title='bbox 112 3094 193 3163; x_wconf 79' lang='lat' dir='ltr'><strong>Qum</strong></span> <span class='ocrx_word' id='word_1_199' title='bbox 214 3098 243 3162; x_wconf 88' lang='lat' dir='ltr'><strong>ri</strong></span> <span class='ocrx_word' id='word_1_200' title='bbox 265 3119 318 3162; x_wconf 89' lang='lat' dir='ltr'><strong>ere</strong></span> <span class='ocrx_word' id='word_1_201' title='bbox 339 3099 426 3164; x_wconf 82' lang='lat' dir='ltr'><strong>voles</strong></span> <span class='ocrx_word' id='word_1_202' title='bbox 445 3097 578 3182; x_wconf 81' lang='lat' dir='ltr'><strong>Epicuri</strong></span> <span class='ocrx_word' id='word_1_203' title='bbox 599 3098 637 3164; x_wconf 90' lang='lat' dir='ltr'><strong>de</strong></span> <span class='ocrx_word' id='word_1_204' title='bbox 659 3120 757 3186; x_wconf 76' lang='lat' dir='ltr'><strong>grege</strong></span> <span class='ocrx_word' id='word_1_205' title='bbox 778 3120 918 3183; x_wconf 86' lang='lat' dir='ltr'><strong>porcum.</strong></span> 
     </span>
    </p>
   </div>
   <div class='ocr_carea' id='block_1_14' title="bbox 522 3320 664 3332">
    <p class='ocr_par' dir='ltr' id='par_1_22' title="bbox 522 3320 664 3332">
     <span class='ocr_line' id='line_1_31' title="bbox 522 3320 664 3332; baseline 0 0"><span class='ocrx_word' id='word_1_206' title='bbox 522 3320 664 3332; x_wconf 53' lang='lat' dir='ltr'><strong>-m--n-</strong></span> 
     </span>
    </p>
   </div>
   <div class='ocr_carea' id='block_1_15' title="bbox 0 0 1284 4022">
    <p class='ocr_par' dir='ltr' id='par_1_23' title="bbox 0 0 1284 4022">
     <span class='ocr_line' id='line_1_32' title="bbox 0 0 1284 4022; baseline 0 0"><span class='ocrx_word' id='word_1_207' title='bbox 0 0 1284 4022; x_wconf 95' lang='lat' dir='ltr'><strong> </strong></span> 
     </span>
    </p>
   </div>
   <div class='ocr_carea' id='block_1_16' title="bbox 366 476 1267 586">
    <p class='ocr_par' dir='ltr' id='par_1_24' title="bbox 366 476 1267 586">
     <span class='ocr_line' id='line_1_33' title="bbox 366 476 1267 586; baseline 0.001 -32"><span class='ocrx_word' id='word_1_208' title='bbox 366 487 477 555; x_wconf 80' lang='lat' dir='ltr'><strong>ederae</strong></span> <span class='ocrx_word' id='word_1_209' title='bbox 499 488 810 586; x_wconf 27' lang='lat' dir='ltr'><strong>victricistpraemia.</strong></span> <span class='ocrx_word' id='word_1_210' title='bbox 847 490 968 569; x_wconf 80' lang='lat' dir='ltr'><strong>Quodsi</strong></span> <span class='ocrx_word' id='word_1_211' title='bbox 1039 504 1073 555; x_wconf 79' lang='lat'><strong>25</strong></span> <span class='ocrx_word' id='word_1_212' title='bbox 1101 476 1134 509; x_wconf 65' lang='grc'>”</span> <span class='ocrx_word' id='word_1_213' title='bbox 1266 494 1267 501; x_wconf 73' lang='grc'>’</span> 
     </span>
    </p>
   </div>
  </div>
 </body>
</html>
