2610 4028
547 46 557 89 1

169 195 231 260 172
541 199 753 255 8111818111
1057 200 1133 272 [nn

230 356 357 428 Piimus
379 365 412 427 et
432 361 578 428 invenior
597 363 689 446 piper
710 361 818 426 album
834 382 907 426 cum
928 360 994 427 8818
1015 361 1110 447 nigro

168 458 201 509 88
233 446 394 511 incretum
414 446 503 531 puris
525 447 787 530 circumposuisse
809 445 935 510 catillis.

230 529 398 596 Inmanest
417 531 545 614 vitium,
568 529 642 594 dare
663 529 754 594 milia
773 532 866 594 terna
886 529 1029 594 macello¹

230 615 441 701 Angustoque
462 633 563 700 vagos
583 614 688 698 pisces
709 632 846 712 urguere
866 615 983 679 catino.
1042 654 1045 659 «
1132 632 1134 635 ’

230 697 352 784 Magna
370 701 479 764 moret
498 696 662 763 stomacho
683 697 826 782 fastidia,
848 718 905 763 seu
925 716 1005 781 puer
1024 699 1131 763 unctis

231 781 394 848 Tractavit
414 783 545 847 calicem
572 781 735 866 manibus,
758 782 834 846 dum
859 782 963 847 frusta
987 781 1130 867 ligurrit,

168 878 202 928 80
230 865 304 932 Sive
325 867 435 952 gravis
454 867 555 931 reteri
574 868 714 932 craterae
733 866 830 931 limus
851 866 1003 931 adhaesit.

230 949 357 1015 Vilibus
378 952 414 1015 in
435 950 556 1034 scopis,
578 951 614 1015 in
634 951 773 1034 mappis,
794 951 831 1015 in
852 951 947 1015 scobe
968 952 1106 1048 quantus

232 1033 390 1099 Consistit
410 1033 576 1118 sumptus?
603 1032 654 1099 Ne
677 1034 768 1099 lectis
773 1083 783 1117 ‚
804 1033 961 1120 flagitium
983 1054 1109 1121 mgens.

230 1117 299 1182 Ten
319 1117 441 1200 lapides
462 1118 567 1183 varios
588 1117 622 1182 lu
671 1121 746 1182 enta
765 1118 877 1183 radere
896 1118 1019 1203 palma,

229 1200 275 1266 Et
295 1201 405 1284 Tyrias
427 1201 503 1266 dare
524 1202 644 1266 circum
664 1202 767 1266 inlota
786 1203 902 1267 toralia
922 1206 1043 1286 restes,

167 1297 200 1347 85
230 1283 388 1368 oblitum,
410 1289 528 1369 quanto
550 1307 657 1351 curam
679 1288 903 1371 sumptumque
925 1286 1081 1351 minorem

229 1367 318 1434 Haeo
339 1368 490 1467 habeant2
511 1372 604 1435 tanto
625 1370 815 1454 reprehendi
835 1370 949 1435 iustius
970 1370 1051 1453 illis,

230 1450 318 1529 Quae
338 1453 403 1518 nisi
425 1452 574 1519 diutibus
595 1456 755 1537 nequeant
769 1454 955 1539 contingere
973 1453 1129 1519 mensis?'

231 1534 346 1601 ‘Docte
367 1535 454 1619 cati,
499 1556 534 1602 er
555 1537 728 1602 amicitiam
750 1537 901 1621 divosque
922 1541 1069 1623 rogatus,

229 1617 354 1686 Ducere
368 1642 471 1686 mesu
495 1622 585 1704 'cum‚
600 1642 715 1718 perges
730 1641 943 1705 quocumque,
955 1625 1127 1686 memento.

166 1715 200 1765 90
227 1701 312 1768 Nam
326 1705 470 1787 quamvis
484 1726 618 1769 1118111811
638 1705 756 1770 referas
770 1704 849 1770 mihi
862 1708 991 1788 pectore
1005 1709 1128 1789 cuncta

228 1786 306 1851 Non
326 1790 435 1851 tamen
455 1788 612 1872 interpres
632 1789 821 1854 tantundem
841 1788 966 1854 iuveris.
1003 1789 1096 1854 Adde

229 1868 363 1934 Vultum
371 1869 514 1937 habitum
536 1893 576 1936 ue
586 1871 736 1957 hominis,
748 1872 1006 1957 quemtuvidisse
1016 1873 1129 1937 beatus

228 1950 305 2017 Non
323 1975 357 2018 m
424 1955 431 1968 ’
453 1976 518 2038 pen
543 1956 583 2040 's‚
606 1957 681 2040 quia
703 1956 854 2042 contigit·
877 1955 1010 2021 etmihi
1032 1977 1107 2021 cura

227 2035 304 2101 Non
325 2059 376 2103 me
401 2039 493 2104 'ocris
514 2040 612 2124 inest,
634 2041 740 2105 fontes
761 2043 798 2105 ut
819 2006 906 2104 adire
926 2043 1067 2105 remotos

164 2132 198 2183 85
225 2120 334 2205 Atque
354 2121 481 2189 haurire
502 2145 616 2210 queam
637 2125 721 2188 vitae
742 2126 913 2210 praecepte
933 2123 1070 2189 beatae'

619 2413 664 2489 V.

227 2539 310 2605 ‘Hoc
331 2563 470 2626 quoque,
491 2541 626 2628 1118818,
648 2548 774 2628 praeter
793 2550 922 2611 narrata
941 2546 1065 2633 petenti

224 2622 290 2688 Res
313 2625 411 2708 onds,
433 2626 547 2709 quibus
569 2629 701 2693 amissas
722 2652 757 2694 re
781 2651 870 2694 arare
912 2650 1005 2694 neam
1025 2652 1077 2694 res

224 2646 358 2773 1118111118
373 2713 469 2809 sitque
483 2710 595 2777 modis.
626 2711 709 2788 Quid
723 2650 807 2778 rides
814 2713 844 2777 ?'
875 2652 997 2779 ‘iamne
1012 2713 1125 2777 doloso

224 2789 301 2856 Non
323 2797 399 2857 sat1s
421 2797 471 2860 est
490 2793 633 2860 Ithacam
653 2795 761 2861 revehi
786 2799 968 2881 patriosque
988 2796 1124 2862 Penates

174 2883 191 2932 o
224 2874 434 2959 Adspicere?’
463 2877 503 2943 ‘0
525 2880 606 2943 nulli
628 2880 700 2963 quic
722 2903 797 2945 uam
810 2882 958 2965 mentite,
980 2880 1068 2946 vides
1088 2884 1126 2945 ut

223 2955 337 3022 Nudus
351 2960 507 3044 inopsque
521 2962 650 3028 domum
661 2901 802 3050 redesm3
817 2967 850 3029 te
860 2968 932 3029 vate
943 2986 1046 3049 neque
1056 2965 1124 3029 illio

223 3042 292 3105 Aut
313 3042 467 3125 apotheca
487 3047 593 3143 procis
615 3048 768 3112 intactast
787 3050 844 3114 aut
862 3070 975 3132 pecus:
998 3048 1087 3131 atqui

222 3122 268 3188 Et
288 3145 390 3209 genus
413 3130 446 3192 et
465 3133 582 3214 virtus,
607 3131 671 3194 nisi
693 3153 765 3197 cum
786 3153 837 3216 re,
859 3133 954 3196 vilior
974 3132 1103 3218 ulgost'

224 3207 371 3283 ‘Quando
391 3214 575 3295 pauperiem
597 3214 702 3279 missis
725 3215 913 3301 ambagibus
933 3215 1059 3299 horres,

162 3303 194 3352 1ο
224 3292 428 3390 8881888118
448 3296 572 3360 ratione
594 3316 690 3443 ‹ppem
713 3299 875 3364 ditescere.
921 3298 1045 3364 11111188

222 3372 296 3438 Sive
316 3376 402 3441 ahud
423 3378 548 3461 privum
570 3377 611 3442 da
633 3380 698 3443 itur
716 3382 793 3466 tibi,
815 3382 942 3447 devolet
962 3383 1053 3466 illuc,

223 3455 287 3521 Res
309 3459 365 3523 ubi
385 3461 606 3544 magnanimi
627 3462 757 3530 domino
779 3485 870 3552 senc;
899 3465 1005 3530 dulcia
1024 3484 1120 3549 poma
