2558 4022
195 200 258 267 228
543 203 799 261 sersrvrmvu
1113 208 1162 280 [u

257 368 384 453 Exiguo
405 370 560 454 gratoque
581 366 696 432 fruaris
717 371 860 452 tempore
881 369 1007 453 raptim.

256 452 427 537 Pauperies
439 450 592 516 inmunda
605 455 714 517 tamen
726 452 838 536 procul
853 452 952 517 absit:
973 474 1034 539 ego
1050 456 1161 520 utrum

194 551 244 601 200
258 537 347 604 Neve
368 536 453 601 ferar
473 557 592 621 magna
612 557 654 600 an
675 557 788 620 parve,
809 535 894 601 ferar
912 558 993 602 unus
1008 540 1042 602 et
1062 537 1159 603 idem.

258 620 334 687 Non
355 621 479 706 agimur
499 619 630 685 tumidis
651 620 729 684 velis
751 619 912 705 Aquilone
933 621 1089 687 secundo:
1203 630 1208 635 “

255 705 333 773 Non
353 709 462 770 temen
482 704 621 770 adversis
643 707 780 769 oetatem
801 704 946 769 ducimus
967 706 1112 790 Austris,

256 789 402 873 Viribus,
425 790 571 874 ingenio,
593 789 714 872 specie,
735 788 868 871 virtute,
890 789 978 870 loco,
1001 811 1036 855 re

255 873 400 940 Extremi
421 874 611 958 primorum,
635 873 784 937 extremis
805 894 905 957 usque
926 873 1059 958 priores,

192 971 243 1022 205
256 958 287 1024 N
290 980 333 1023 on
344 979 378 1024 es
392 980 521 1023 avarus:
543 957 607 1023 abi.
641 955 744 1032 Quid?
778 956 891 1023 Oeters
904 957 969 1023 iam
983 958 1079 1024 simul
1093 961 1159 1025 isto

257 1042 339 1109 Cum
361 1043 438 1108 vitio
460 1041 592 1127 fugere?
623 1040 720 1107 Caret
741 1041 800 1105 tibi
845 1044 935 1107 ectus
955 1042 1045 1107 inani

256 1126 462 1192 Ambitione?
484 1128 571 1191 ccret
592 1126 704 1190 mortis
725 1125 821 1191 formi
846 1126 853 1140 '
878 1146 896 1190 e
917 1128 952 1190 et
971 1126 1041 1190 ire?

256 1210 402 1295 Somnia,
422 1215 574 1292 terrores,
597 1211 757 1295 magicos,
779 1209 946 1292 musculo,
970 1231 1080 1296 sagas,

255 1294 438 1361 Nocturnos
459 1296 595 1360 lemures
616 1297 825 1379 portentaque
847 1292 1000 1359 Thessala
1021 1294 1130 1361 rides?

192 1392 243 1442 210
256 1379 388 1445 Natales
409 1383 500 1466 grate
522 1378 693 1443 numeras?
715 1376 857 1463 ignoscis
878 1378 1012 1444 amicis?

255 1464 373 1530 Lenior
393 1468 426 1530 et
446 1465 559 1529 melior
580 1463 618 1527 fis
640 1462 808 1529 accedente
830 1462 980 1529 senecta?

255 1547 339 1624 Quid
360 1551 392 1613 te
414 1551 560 1633 exempto
580 1548 665 1612 levat
685 1569 701 1611 s
724 1547 787 1611 inis
809 1547 848 1613 de
869 1547 1013 1631 pluribus
1035 1548 1124 1614 una?

255 1631 371 1698 Vivere
392 1633 525 1698 sirecte
546 1632 665 1714 nescis,
692 1569 808 1696 decede
829 1631 950 1716 peritis.

254 1715 375 1780 Lusisti
395 1717 488 1800 sctis,
510 1715 605 1781 edisti
626 1715 704 1780 satis
725 1717 820 1799 atque
841 1715 966 1780 bibisti:

191 1812 241 1862 215
256 1798 394 1884 'l'empus
416 1801 503 1865 ubire
523 1800 629 1883 tibist,
651 1821 692 1867 ne
735 1802 825 1864 otum
847 1800 966 1885 largius
988 1820 1090 1885 ecquo

254 1883 369 1949 Rideat
390 1890 422 1948 et
442 1884 548 1968 pulset
568 1884 687 1949 lesciva
708 1821 873 1949 decentius
894 1887 991 1949 aetas.

601 2054 744 2066 ..σι-ιι-

635 2173 690 2246 ΙΙΙ

368 2306 439 2395 [ΒΕ
460 2304 577 2371 Auru
599 2304 787 2370 POETIOA
808 2303 964 2390 LIBER]

252 2389 402 2456 Humano
424 2390 521 2475 capiti
542 2389 696 2456 cervicem
718 2389 823 2473 pictor
844 2391 993 2474 equinam

252 2475 312 2538 lun
337 2497 389 2540 ere
410 2475 438 2539 si
458 2474 537 2538 velit
557 2478 589 2538 et
609 2475 713 2538 varias
735 2473 884 2538 inducere
904 2475 1030 2558 plumas

252 2557 306 2622 Vn
331 2559 400 2641 'que
422 2557 546 2623 collatis
567 2557 734 2640 membris,
755 2560 793 2622 ut
812 2557 947 2641 turpiter
968 2562 1074 2624 atrum

252 2640 386 2706 Desinat
407 2642 441 2706 in
463 2641 583 2725 piscem
604 2642 718 2706 mulier
739 2641 879 2707 formoso
899 2664 1050 2727 superne:

218 2724 434 2810 5Spectotum
456 2725 585 2791 admissi
606 2727 706 2791 risum
726 2727 864 2791 teneatis
869 2776 879 2809 ,
906 2726 1022 2791 amici?

252 2810 393 2892 Credite,
415 2810 564 2893 Pisones,
585 2811 640 2875 isti
661 2810 788 2877 tabulae
810 2810 879 2876 fore
901 2811 1018 2876 librum

250 2893 464 2978 Persimilem,
487 2895 590 2978 euius,
613 2894 701 2960 velut
722 2895 810 2980 aegri
832 2895 971 2978 somnio,
994 2916 1096 2962 vanae

251 2977 429 3062 Fingentur
450 2980 585 3062 specics,
607 2981 645 3043 ut
664 3000 725 3044 nec
745 3000 802 3062 pes
823 3001 883 3044 neo
905 2981 1001 3064 caput
1022 2981 1081 3044 uni

251 3060 414 3127 Reddatur
433 3062 564 3128 formae.
607 3061 787 3128 Pictoribus
808 3066 907 3146 atqdc
926 3063 1030 3148 poetis

204 3157 236 3206 ro
253 3143 415 3220 Quidlibet
436 3146 572 3211 audendi
593 3168 718 3230 semper
739 3146 800 3212 fuit
821 3169 923 3232 aequa
943 3150 1097 3232 potestas.

251 3228 389 3313 Scimus,
424 3235 457 3295 et
481 3230 565 3295 hene
592 3232 717 3296 veniam
747 3232 947 3331 petimusque
975 3231 1154 3318 damusque

794 3338 943 3382 ncrssrm.

252 3396 314 3462 Sed
335 3420 402 3463 non
422 3403 459 3463 ut
479 3398 612 3482 placidis
633 3403 746 3466 cocant
766 3401 906 3484 inmitia,
927 3422 994 3467 non
1016 3405 1053 3465 ut

251 3480 420 3566 Serpentes
444 3483 554 3548 avibus
576 3485 791 3569 geminentur,
813 3486 950 3573 tigribus
972 3486 1058 3572 agni.
