2600 4026
541 220 649 276 LIBER
670 220 719 278 ΙΙΙ.

588 401 669 475 ΠΠ.

279 535 444 602 Descende
467 534 553 599 caelo
576 536 608 598 et
629 533 680 597 dic
702 554 761 619 age
781 534 860 599 tibia

279 620 406 768 Beana
426 620 560 703 longum
582 615 726 716 Calliope
747 618 861 700 melos,

367 725 388 767 u
409 724 487 767 voce
507 722 593 766 nunc
614 723 716 766 mans
737 704 830 767 acuta

377 786 439 852 Seu
461 786 576 851 fidibus
599 785 781 869 citharaque
802 750 934 851 Plroebi.

280 921 422 1004 Auditis,
444 942 486 985 an
507 943 558 985 me
579 919 661 985 ludit
681 920 827 984 amabilis

280 1004 451 1070 Insaniai.
474 1004 595 1069 Audire
617 1007 649 1068 et
670 1003 779 1069 videor
800 1004 870 1088 pios

326 1088 442 1153 Errare
463 1111 520 1173 per
541 1089 644 1171 luceo,
667 1110 818 1153 amoenae

378 1172 464 1249 Quos
486 1176 519 1237 et
540 1193 640 1256 aquae
662 1172 800 1237 subeunt
820 1176 853 1237 et
873 1192 978 1237 aurae.

281 1305 334 1371 Me
356 1307 520 1372 fabulosae
541 1306 676 1371 Volture
697 1307 732 1370 in
753 1306 859 1390 Apulo

202 1443 206 1449 .
280 1390 411 1455 Altricis
434 1394 524 1456 extra
544 1390 643 1455 limen
663 1390 832 1474 †Apuliae

326 1474 416 1539 Ludo
437 1475 669 1560 fatigatumque
690 1495 803 1538 somno

377 1557 503 1623 Prende
524 1579 609 1622 nova
629 1580 762 1643 puerum
783 1558 949 1642 palumbes

281 1691 413 1775 Tenere,
435 1693 551 1757 mirum
573 1693 657 1776 quod
679 1692 762 1758 foret
784 1693 946 1775 omnibus,

282 1775 477 1860 Quicumque
499 1777 601 1842 celsae
622 1776 734 1841 nidum
754 1776 967 1842 Acherontiae

328 1860 496 1945 Saltusque
517 1861 674 1926 Bantinos
696 1865 728 1925 et
749 1883 860 1926 arvum

377 1944 500 2031 Pingue
520 1949 633 2010 tenent
652 1945 782 2010 humilis
803 1944 950 2029 Forenti,

281 2077 328 2143 Vt
346 2082 416 2143 tuto
439 2080 479 2143 ab
502 2079 578 2144 atris
602 2102 733 2164 corpore
754 2080 871 2165 viperis

281 2162 461 2228 Dormirem
483 2166 515 2228 et
535 2165 631 2246 ursis,
654 2167 690 2228 ut
710 2186 870 2248 premerer
892 2185 982 2229 sacra

327 2247 492 2333 Lauroque
515 2248 702 2331 conlataque
723 2251 842 2331 myrto,

379 2330 455 2411 Non
478 2332 546 2396 sine
569 2332 617 2396 dis
639 2332 801 2395 animosus
827 2331 943 2396 infans.

280 2463 409 2549 Vester,
432 2465 604 2550 Camenae,
627 2470 732 2531 vester
753 2467 787 2530 in
808 2467 922 2531 arduos

279 2548 390 2614 'Pollor
412 2548 561 2634 Sabinos,
584 2573 639 2615 seu
661 2550 740 2615 mihi
761 2551 913 2636 frigidum

327 2633 497 2699 Praeneste
520 2656 576 2699 seu
597 2634 696 2699 Tibur
717 2637 866 2719 supinum

378 2718 441 2784 Seu
462 2719 600 2803 liquidae
621 2720 768 2804 placuere
789 2719 898 2785 Baiae.

278 2851 404 2917 Vestris
427 2854 564 2918 amicum
589 2854 731 2919 fontibus
754 2857 786 2917 et
808 2854 912 2918 choris

278 2934 356 3000 Non
377 2959 429 3002 me
450 2937 607 3022 Philippis
629 2960 721 3003 versa
743 2939 826 3002 acies
847 2942 949 3023 retro,

326 3019 452 3085 Devota
472 3043 539 3085 non
561 3023 696 3086 extinxit
719 3023 827 3105 arbos,

376 3104 445 3171 Nec
467 3104 573 3170 Sicula
594 3105 761 3171 Palinurus
783 3107 877 3171 unda.

277 3237 458 3324 Vtcumque
480 3261 604 3306 mecum
624 3263 681 3307 vos
704 3242 806 3321 eritis,
830 3242 933 3306 libens

279 3320 497 3388 Insanientem
518 3327 626 3390 navita
647 3326 826 3411 Bosporum

326 3405 502 3491 Temptabo
525 3413 557 3473 ct
577 3415 705 3476 urentes
728 3431 840 3474 arenas

375 3491 493 3557 Litoris
514 3494 640 3579 Assyrii
662 3496 779 3579 viat0r3

1099 932 1115 980 5
