2610 4028
194 263 255 329 182
564 266 776 323 samam
910 332 919 346 ,
1080 269 1157 341 [Vll.

253 430 378 513 Nempe
398 428 634 494 inamarescunt
653 431 764 513 epulae
785 431 855 494 sine
874 429 938 494 fine
959 431 1094 514 petitae,

254 513 417 596 inlusique
500 535 535 578 es
552 514 703 578 vitiosum
724 512 807 577 ferre
827 520 977 578 recusant

254 597 388 682 Corpus.
487 596 676 681 hiopeccat,
691 598 751 661 sub
760 601 888 662 noctem
903 599 957 681 qui
992 619 1158 662 ueruvam

192 694 242 743 110
255 682 386 746 Furtiva
404 684 509 745 mutat
527 681 659 766 strigili.
682 681 736 828 (ff
756 681 887 765 praedia
906 704 969 746 ven
993 681 1030 765 ‘t,

253 766 311 830 Nil
323 765 438 830 servile
450 766 546 850 gulae
559 787 677 849 parens
732 765 810 830 bet?
838 764 947 848 Adde,
969 765 1053 848 quod
1067 765 1158 830 idem

252 850 330 914 Non
349 849 464 913 horam
483 853 590 914 tecum
610 869 680 913 esse
700 853 808 933 potes,
828 868 898 913 non
918 850 984 913 otis
1003 853 1091 913 recte

251 934 389 1017 Ponere,
410 936 506 1018 teque
525 934 631 1017 ipsum
650 933 732 996 vitas
753 934 908 1018 fugitivus
930 937 964 997 et
983 954 1068 1016 erro,

252 1017 323 1082 lam
342 1017 418 1081 vino
439 1039 608 1100 quaerens,
629 1016 693 1081 iam
717 1038 831 1082 somno
851 1017 963 1081 fallere
984 1038 1110 1102 euram;

191 1115 240 1163 115
254 1101 401 1166 Frustra:
437 1122 514 1165 nam
550 1122 657 1166 comes
688 1104 759 1165 atra
793 1102 912 1185 premit
947 1102 1159 1185 sequiturque

193 1246 197 1251 ’
253 1269 358 1333 ‘Vnde
377 1268 458 1332 milri
477 1268 650 1352 lapidemt'
681 1186 1019 1386 ‘Quomflidoeddqss’
1047 1267 1159 1333 ‘Vnde

253 1439 333 1501 ‘Aut
345 1437 467 1501 insanit
478 1437 576 1502 homo
591 1440 648 1501 aut
660 1458 770 1502 versus
782 1351 1015 1501 ffdms
1029 1436 1109 1501 hinc
1121 1440 1160 1501 te

251 1521 297 1587 Ni
317 1522 420 1605 repis,
445 1521 577 1587 accedes
598 1542 696 1605 opera
715 1542 794 1606 agro
814 1541 903 1585 nona
923 1519 1067 1585 Sabino!

251 1940 309 2006 ‘Vt
327 1939 496 2006 Nasidieni
516 1940 598 2003 iuvit
616 1944 651 2004 te
672 1961 752 2004 cena
769 1938 879 2002 beati?

251 2024 337 2088 Nam
356 2023 437 2088 mihi
458 2025 623 2107 quaerenti
645 2024 812 2089 convivam
832 2023 936 2086 dictus
955 2022 1033 2086 here
1052 2022 1122 2087 illic

250 2107 302 2172 De
321 2108 426 2173 medio
447 2110 559 2191 potare
579 2107 654 2172 die.'
696 2106 777 2189 sic,
798 2111 836 2170 ut
855 2106 936 2170 mihi
956 2126 1133 2190 numquam

251 2192 292 2256 ln
309 2194 377 2257 vita
396 2192 494 2256 fuerit
514 2191 648 2255 melius?
690 2189 768 2272 ‘Da,
790 2192 817 2254 si
838 2210 936 2275 grave
955 2210 1024 2253 non
1044 2194 1110 2272 est,

215 2291 233 2338 s
254 2275 344 2352 Quae
363 2277 469 2373 prima
488 2277 605 2339 iratum
624 2278 769 2338 ventrem
788 2274 964 2357 placaverit
983 2281 1081 2337 esca’

251 2360 305 2424 ‘ln
324 2360 437 2444 prunis
458 2358 606 2424 Lucanus
627 2379 720 2442 aper:
741 2358 808 2422 leni
827 2357 890 2421 fuit
909 2358 1031 2421 Austro

251 2442 387 2528 Captus,
408 2446 446 2507 ut
465 2444 572 2507 aiebat
591 2463 689 2508 cenae
712 2445 820 2526 pater:
841 2442 926 2506 acris
946 2440 1068 2505 circum

250 2527 390 2610 Rapula,
411 2527 567 2610 lactucae,
586 2526 724 2609 radices,
746 2526 855 2610 qualia
873 2526 995 2589 lassum

250 2609 436 2674 Pervellunt
456 2609 670 2693 stomachum,
692 2611 786 2693 siser,
807 2610 904 2693 allec,
927 2609 1054 2673 faecula
1074 2608 1156 2674 Coa.

203 2708 236 2757 ιο
249 2694 311 2758 His
330 2693 388 2758 ubi
408 2693 542 2757 sublatis
562 2715 644 2776 puer
663 2695 727 2758 alte
748 2695 871 2758 cinctus
892 2714 1041 2757 acernam

251 2778 400 2861 Gausapa
419 2798 578 2861 purpureo
599 2799 742 2842 mensam
761 2777 926 2861 pertersit,
946 2781 984 2840 et
1002 2776 1086 2839 alter

252 2862 399 2946 Sublegit
419 2862 577 2945 quodcum
619 2883 639 2925 e
657 2862 777 2925 iaceret
795 2862 910 2925 inutile
930 2860 1079 2944 quodque

251 2946 366 3009 Posset
385 2948 537 3009 cenantes
557 2967 578 3008 o
602 2944 733 3010 endere·
754 2948 793 3009 ut
811 2945 921 3009 Attica
940 2945 1034 3028 virgo

252 3026 335 3094 (lum
356 3029 455 3092 sacris
476 3027 600 3109 Cereris
620 2994 766 3111 procedit
785 3028 895 3092 fuscus
915 3026 1103 3110 Hydaspes,

204 3126 236 3172 15
251 3111 398 3176 Caecuba
417 3111 494 3174 vina
512 3113 634 3193 ferens,
655 3113 762 3175 Alcon
772 3110 889 3177 Chium
909 3110 1007 3174 maris
1029 3131 1156 3193 expers.

251 3195 316 3259 Hic
336 3215 409 3261 erus
428 3195 602 3260 ‘Albanum
606 3244 617 3277 ,
637 3195 821 3277 Maecenas,
843 3196 912 3258 sire
930 3193 1106 3258 Falernum

251 3277 416 3362 Tamagis
436 3277 591 3362 adpositis
612 3279 764 3343 delectat:
784 3278 939 3342 habemus
959 3282 1156 3360 utrumque?

252 3360 402 3425 ‘Divitias
422 3363 567 3426 miseras!
600 3361 664 3425 Sed
685 3363 757 3445 quis
778 3362 967 3426 cenantibus
986 3383 1068 3443 nna,

127 3446 132 3450 ’
252 3444 415 3526 Fundani,
435 3444 567 3528 pulchre
587 3445 685 3507 fuerit
702 3446 778 3527 tibi,
799 3466 899 3510 nosse
918 3445 1054 3509 laboro!

205 3537 240 3586 20
253 3526 414 3590 ‘Summus
423 3548 485 3611 ego
495 3531 529 3591 et
540 3547 641 3610 prope
650 3549 702 3592 me
710 3527 827 3594 Viscus
838 3529 1000 3594 Thurinus
1012 3530 1046 3592 et
1058 3527 1157 3609 inira
