2558 4022
113 259 171 333 ur]
274 263 279 267 ·
509 261 618 319 urana
637 263 673 322 u
1011 260 1076 326 235

113 423 219 489 Ausus
240 422 343 488 idem:
364 425 489 489 tantum
511 425 609 490 series
618 426 837 512 ‚iuncturaque
858 428 977 513 pollet,

114 505 251 571 Tantum
273 507 438 573 demedio
460 509 596 593 sumptis
618 511 740 575 accedit
759 511 899 578 honoris.
980 574 981 577 ,

114 588 207 656 Silvis
229 591 356 657 deducti
378 597 511 657 caveant
531 615 583 658 me
603 593 706 660 iudice
728 595 845 681 Fauni,

113 674 162 741 Ne
184 676 271 741 velut
292 677 395 740 innati
416 677 519 741 triviis
541 699 578 742 ac
598 680 865 762 paene-'forenses
1024 693 1073 744 245

112 760 179 824 Aut
191 760 327 824 nimium
347 762 465 825 teneris
480 761 669 827 iuvenentur
689 764 832 830 versibus
847 786 1010 850 umquam,

112 844 178 908 Aut
199 844 353 908 inmunda
375 849 505 929 crepent
526 846 802 931 ignominiosaque
824 848 922 915 dicta:
1028 882 1030 887 ·

113 927 325 993 offenduntur
336 929 431 1010 enim,
447 929 561 1026 quibus
577 934 626 995 est
640 953 738 1016 equus
753 936 786 997 et
799 937 890 1017 pater
904 937 936 998 et
949 954 1010 1017 res,

112 1011 180 1078 Nec
202 1013 307 1095 siquid
329 1012 416 1077 fricti
437 1014 549 1078 creeris
570 1015 685 1098 probat
706 1019 738 1081 et
758 1017 850 1081 nucis
872 1020 997 1101 emptor

112 1097 231 1180 Aequis
253 1097 415 1180 accipiunt
436 1098 551 1163 animis
573 1098 733 1164 donantve
755 1122 881 1166 corona.
1023 1112 1074 1163 250

112 1178 242 1263 Syllaba
263 1181 362 1265 longa
381 1182 471 1245 brevi
492 1182 635 1247 subiecta
654 1187 787 1249 vocatur
808 1186 946 1269 iambus,

111 1263 172 1329 Pes
193 1266 291 1329 citus:
312 1265 397 1330 unde
418 1266 515 1330 etiam
535 1267 688 1332 trimetris
710 1290 887 1334 accrescere
908 1270 1000 1334 iussit

110 1346 238 1413 Nomen
259 1349 406 1432 iambeis,
430 1371 503 1414 cum
524 1372 618 1416 senos
640 1351 785 1417 redderet
806 1354 887 1419 ictus

94 1492 95 1497 ,
110 1432 236 1497 Primus
251 1433 290 1497 ad
305 1437 481 1498 extremum
496 1435 607 1498 similis
623 1435 699 1500 sibi:
720 1458 788 1501 non
809 1438 855 1501 ita
871 1436 1009 1521 pridem,

111 1517 245 1581 Tardior
265 1520 302 1582 ut
321 1519 430 1602 paullo
452 1519 640 1615 graviorque
661 1521 784 1585 veniret
805 1521 847 1585 ad
867 1543 972 1605 aures,
1022 1534 1072 1583 255
1191 1542 1194 1551 ’

112 1601 134 1666 S
157 1601 285 1667 oudeos-
300 1602 433 1667 stabiles
454 1623 489 1666 nr
510 1625 580 1667 rura
600 1607 734 1688 paterna
753 1606 874 1689 recepit

139 1685 306 1750 ommodus
328 1689 361 1751 et
380 1686 521 1770 patiens,
543 1708 611 1752 non
630 1691 668 1753 ut
688 1689 728 1752 de
749 1689 823 1754 sedo
845 1689 984 1754 secunda

110 1769 244 1835 cederet
265 1772 455 1854 autquarta
476 1771 645 1836 socialiter.
689 1772 751 1838 Hic
774 1777 807 1838 05
826 1773 861 1838 in
882 1774 953 1841 Atti

110 1853 281 1921 Nobilibus
301 1856 455 1919 trimetris
476 1855 609 1939 adparet
629 1878 734 1940 rarus,
757 1862 789 1922 et
809 1857 896 1922 Enni

109 1937 150 2002 Iu
171 1959 317 2004 scaenam
338 1939 455 2004 missos
477 1961 550 2003 cunr
570 1962 688 2025 magno
710 1940 849 2026 pondere
871 1964 980 2006 versus
1022 1954 1073 2006 200

109 2023 178 2086 Aut
199 2043 322 2109 operae.
337 2022 448 2088 celeris
469 2024 604 2088 nimium
626 2046 763 2108 curaque
784 2027 920 2090 carentis

109 2108 179 2171 Aut
197 2107 365 2192 ignoratae
386 2108 503 2191 premit
524 2109 602 2173 artis
625 2109 756 2173 crimine
780 2110 876 2207 turpi.

109 2190 187 2255 Non
209 2191 312 2274 quivis
334 2190 421 2256 videt
441 2191 640 2256 inmodulata
653 2196 809 2290 ‘poemata
829 2192 939 2276 iudex,
1006 2213 1013 2229 ¹

110 2274 155 2338 Et
176 2273 251 2338 data
272 2274 427 2340 Romanis
448 2276 573 2340 veniast
593 2276 726 2362 indigna
746 2276 860 2360 poetis.

109 2358 276 2424 Idcircone
297 2381 395 2445 vager
416 2360 614 2444 scribamque
636 2361 792 2425 licenter?
813 2382 856 2424 an
877 2380 988 2425 omnes
1022 2374 1072 2424 205

12 2474 14 2485 ¹
110 2442 246 2507 Visuros
266 2448 398 2527 peccata
419 2448 528 2527 putem
549 2466 635 2527 mea,
657 2447 745 2509 tutus
767 2448 799 2509 et
819 2445 905 2509 intra

110 2526 133 2593 S
157 2548 208 2592 ern
229 2528 340 2592 veniae
362 2528 494 2593 cautus?
517 2528 626 2593 Vitavi
647 2528 783 2613 denique
805 2529 945 2613 culpam,

143 2633 187 2677 on
208 2610 335 2676 laudern
355 2613 465 2677 merui.
507 2611 575 2678 Vos
597 2614 790 2698 exemplaria
811 2612 932 2680 Graeca

108 2695 280 2761 Nocturna
300 2700 423 2761 versate
439 2719 556 2781 «mann,
578 2702 701 2763 versate
723 2699 845 2763 diurna.

108 2780 156 2844 At
176 2781 274 2845 vestri
296 2781 406 2864 proavi
427 2781 593 2846 Plautinos
615 2785 647 2846 et
667 2803 817 2846 numeros
839 2785 872 2845 et
1023 2794 1075 2845 270

108 2864 294 2929 Laudavere
316 2865 414 2949 sales,
436 2866 571 2931 nimium
591 2866 750 2950 patienter
770 2869 952 2950 utrumque,

107 2948 160 3014 Ne
183 2947 287 3012 dicam
308 2949 419 3031 stulte,
441 2950 565 3033 mirati,
588 2951 616 3014 si
637 2950 732 3015 modo
754 2971 771 3015 e
829 2953 870 3014 ‚et
889 2971 947 3014 vos
1060 3004 1065 3013 .

109 3032 235 3098 Scimus
256 3033 448 3099 inurbanum
470 3034 575 3118 lepido
594 3056 747 3119 seponere
790 3034 870 3118 icto,

108 3116 366 3202 Legitimumque
388 3139 502 3182 sonum
523 3117 633 3202 digitis
656 3120 806 3184 callemus
829 3122 861 3183 et
882 3141 967 3185 aure.

108 3200 264 3286 Ignotum
284 3201 425 3286 tragicae
447 3222 549 3287 genus
570 3202 730 3268 invenisse
752 3201 911 3268 Camenae
1024 3214 1074 3265 275

107 3283 237 3351 Dicitur
259 3288 292 3349 et
311 3285 462 3369 plaustris
483 3285 606 3350 vexisse
627 3289 776 3370 poemata
797 3286 947 3370 Thespis,

108 3369 199 3444 Quae
222 3373 373 3434 canerent
395 3373 590 3517 agerentque
610 3371 757 3454 peruncti
777 3370 918 3435 faecibus
941 3389 1005 3434 022.

107 3452 190 3518 Post
210 3452 296 3518 hunc
317 3474 472 3537 personae
493 3476 515 3538 p
560 3475 658 3537 aeque
679 3457 822 3538 repertor
842 3453 996 3518 honestae

106 3537 288 3622 Aeschylus
311 3540 343 3603 et
363 3537 496 3605 modicis
516 3538 664 3603 instravit
685 3539 809 3623 pulpita
829 3538 928 3625 tignis
