2558 4022
107 256 165 331 u]
505 252 613 309 ruas
632 254 668 311 11.
1002 252 1068 320 aaa

107 417 263 486 Caedibus
285 420 317 482 et
337 415 424 481 victu
445 415 539 481 foedo
562 415 715 482 deterruit
737 416 897 504 Orpheus,

106 502 218 568 Dictus
240 502 282 567 ob
302 501 364 567 hoc
385 500 485 566 lenire
507 501 606 585 tigres
627 501 816 586 rabidosque
837 505 955 571 leones.

106 586 217 652 Dictus
239 589 272 651 ct
292 583 472 669 Amphion,
494 583 666 651 Thebanae
687 587 834 652 conditor
851 590 953 673 urbis,

5 733 7 744 ,
107 671 188 737 Saxa
208 690 335 735 movere
356 690 436 734 sono
457 668 627 734 testudinis
649 673 682 734 et
701 691 795 756 prece
816 671 933 737 blanda
1015 688 1066 739 000

106 755 238 838 Ducere,
260 775 322 839 quo
337 754 441 819 vellet.
472 752 548 819 Fuit
567 752 646 819 haee
660 755 818 839 sapientia
832 758 1001 854 quondam,

106 839 237 905 Publica
257 838 389 923 privatis
412 858 592 922 secernere,
613 859 704 905 sacra
723 840 881 924 profanis,

107 923 284 991 Concubitu
327 921 473 989 cohibere
494 943 592 1007 vago,
614 923 689 988 dare
709 924 780 989 iura
799 926 937 1010 maritis,

0 1066 1 1099 ,
106 1007 231 1093 Oppida
250 945 373 1089 moliri,
394 1007 484 1093 leges
503 1006 644 1072 incidere
664 1008 688 1072 li
735 1029 764 1073 o.

0 1116 1 1145 0
107 1092 158 1158 Sic
178 1091 283 1156 honor
303 1095 336 1156 et
355 1111 475 1157 nomen
495 1090 611 1156 divinis
633 1093 698 1157 vati
720 1114 758 1157 us
781 1115 800 1157 a
836 1117 876 1159 ue
1014 1107 1067 1159 000

106 1176 306 1243 Carminibus
326 1175 423 1240 venit.
466 1174 545 1275 Post
564 1174 625 1273 hos
644 1176 782 1274 insignis
800 1096 961 1247 Homerus

105 1260 785 1442 distltqltliffaltulssamdifil
802 1263 923 1432 tlt,

104 1429 148 1495 Et
168 1429 252 1494 vitae
273 1432 448 1495 monstrata
468 1431 565 1511 visst,
588 1432 621 1492 et
641 1433 745 1514 gratie
765 1452 878 1516 regum

104 1513 216 1579 Pieriis
236 1516 392 1598 temptata
411 1511 531 1595 modis,
551 1512 707 1598 ludusque
728 1518 887 1598 repertus,
1014 1529 1066 1581 400

103 1598 148 1664 Et
168 1599 338 1694 longorum
360 1618 492 1681 operum
512 1597 601 1662 finis:
623 1618 664 1662 ne
686 1598 768 1662 forte
789 1599 903 1683 pudori

106 1682 154 1748 Sit
174 1682 234 1746 tibi
255 1681 348 1746 Musa
368 1682 456 1765 lyrae
478 1681 589 1746 sollers
612 1685 644 1746 et
665 1686 777 1748 cantor
798 1684 926 1768 Apollo

103 1766 227 1832 Natura
247 1766 338 1830 fieret
358 1765 515 1832 laudabile
537 1787 665 1831 carmen
685 1789 727 1831 an
748 1771 829 1852 arte,

105 1850 335 1927 Quaesitumst:
357 1871 418 1935 ego
439 1872 499 1914 nee
520 1850 660 1917 sudium
682 1853 750 1916 sine
771 1851 869 1917 divite
891 1874 972 1921 vena
977 1903 986 1937 ,

103 1934 173 2001 Nec
186 1934 264 1999 rude
285 1933 360 2018 qiud
381 1934 485 2020 possit
498 1934 590 2003 video
607 1935 787 2020 ingenium:
809 1938 939 2003 alterius
954 1938 999 2004 sic
1014 1952 1065 2001 410

103 2019 215 2084 Altera
235 2019 339 2104 poscit
359 2040 454 2102 opem
474 2040 525 2083 res
548 2022 580 2084 et
600 2019 746 2087 coniurat
767 2021 876 2085 amice.

104 2102 166 2180 Qui
189 2102 295 2168 studet
316 2106 459 2187 optatam
480 2124 575 2168 cursu
596 2104 782 2190 contingere
803 2108 937 2190 metam,

103 2187 207 2252 Multa
226 2187 302 2252 tulit
320 2188 457 2272 fecitque
478 2208 571 2272 puer,
592 2187 718 2252 sudavit
739 2191 771 2253 et
792 2188 881 2273 alsit,

102 2271 269 2337 Abstinuit
290 2293 403 2339 venere
426 2276 458 2337 et
478 2271 566 2356 vin03
591 2272 647 2354 qui
666 2270 783 2355 Pythia
804 2276 913 2337 cantat

103 2355 251 2439 Tibicen,
273 2355 383 2421 didicit
403 2356 492 2440 prius
514 2356 722 2440 extimuitque
742 2357 941 2442 magistrum.
1013 2371 1064 2421 415

101 2439 172 2506 Nec
195 2441 273 2505 satis
294 2443 344 2506 est
364 2440 481 2506 dixisse
504 2445 577 2537 ‘ego
597 2441 680 2505 mira
699 2443 848 2526 poemata
892 2462 992 2527 ango;

1 2543 2 2554 ¹
103 2522 246 2608 Occupet
267 2528 441 2593 extremum
462 2525 598 2609 scabres3
620 2525 701 2590 mihi
721 2529 814 2610 turpe
832 2526 890 2590 re'
916 2526 1015 2611 quist,

1 2653 2 2656 ,
101 2607 147 2673 Et
168 2609 253 2693 quod
274 2630 341 2675 non
363 2609 459 2675 didici
480 2630 556 2675 sane
577 2610 700 2675 nescire
720 2610 835 2676 fateri!

1 2693 2 2722 ³
100 2692 147 2757 Vt
167 2713 296 2777 praeco,
319 2693 359 2759 ad
373 2715 493 2759 merces
513 2693 641 2759 turbam
662 2695 716 2779 qui
733 2695 822 2780 cogit
835 2695 1001 2779 emendas,

1 2759 2 2786 i
99 2776 332 2844 Adsentatores
353 2777 442 2843 iubet
462 2777 503 2843 ad
523 2778 646 2843 lucrum
667 2779 714 2843 ire
734 2783 830 2864 poeta
1012 2791 1064 2841 400

99 2859 200 2926 Dives
222 2862 324 2947 agris,
345 2861 433 2926 dives
454 2862 569 2946 positis
589 2863 625 2927 in
644 2862 754 2927 fenore
774 2863 923 2928 nummis.

99 2942 136 3010 Si
158 2949 279 3028 verost,
300 2950 433 3012 unctum
455 2947 509 3031 qui
529 2949 615 3011 recte
636 2968 753 3031 ponere
774 2948 878 3031 possit

97 3027 145 3094 Et
168 3030 323 3116 spondere
345 3031 408 3095 levi
428 3052 488 3115 pro
510 3051 649 3114 paupere
670 3035 704 3096 et
724 3032 846 3115 eripere
867 3031 945 3096 artis

97 3112 226 3178 Litibus
247 3115 444 3199 inplicitum,
465 3114 618 3199 mirabor,
641 3115 669 3179 si
690 3116 770 3181 sciet
790 3116 874 3180 inter

96 3195 243 3264 Nascere
262 3198 447 3265 mendacem
468 3220 578 3263 verum
599 3220 640 3263 ue
660 3199 772 3265 beatus
794 3200 940 3264 amicum.
1012 3211 1064 3262 400

96 3279 149 3346 Tu
172 3303 228 3347 seu
250 3282 378 3348 donaris
400 3305 456 3348 seu
478 3282 553 3367 quid
575 3220 694 3348 donare
715 3283 803 3348 voles
826 3284 890 3365 cui,

95 3363 212 3431 Nolito
234 3366 275 3431 ad
296 3388 406 3431 versus
427 3367 487 3433 tibi
508 3365 610 3433 laotos
633 3367 746 3432 ducere
767 3367 897 3452 plenum

95 3448 271 3535 Laetitiae,
293 3451 444 3516 clamabit
465 3450 552 3516 enim
574 3451 733 3535 pulchre,
755 3451 850 3533 bene,
873 3453 984 3516 recte?

94 3532 259 3602 Pallesoet
280 3556 375 3623 super
395 3535 462 3621 his,
486 3535 580 3601 etiam
602 3535 738 3601 stillabit
758 3535 868 3600 amicis
