2570 4022
16 226 18 353 i
472 230 685 288 PRAEFATIO.
1024 232 1060 287 LI

16 370 18 457 l
98 391 145 451 Ita
166 388 243 450 alibi
264 389 349 450 idem
363 390 491 450 totidem
505 390 571 451 sere
585 390 701 462 verbis,
725 409 806 469 quae
828 391 989 471 exscripsit
1005 390 1065 452 hoc

16 482 18 541 l
97 495 183 535 versu
210 483 244 534 ot
264 474 406 535 similiter
426 475 488 536 alia
511 469 572 553 [111‚
592 476 641 548 16,
658 471 713 553 37]
1073 500 1077 505 ·

16 568 18 583 ¹
328 574 568 637 imposturatorem
582 573 723 637 pauperies
739 572 821 624 obest.

16 704 18 713 .
165 659 214 720 Ib.
230 660 293 720 207
317 668 401 719 curet
422 662 550 733 (pectus)
573 664 674 719 mortis
684 659 840 732 formidine
859 670 887 717 et
905 667 962 719 ira.
997 661 1066 722 Hoc

16 734 17 759 ³
101 754 148 804 est
162 747 208 804 ‘et
222 745 329 806 mortis
343 744 411 817 irr’,
427 751 462 803 ut
471 743 558 804 Maro
573 743 711 821 ‘ereptae
722 743 850 822 virginis
863 744 933 803 ira'.
953 745 1065 805 Lucre-

16 840 18 847 ’
101 831 163 888 tius
189 829 212 887 l.
232 845 271 887 111
295 823 418 907 [1045]
445 828 497 888 ‘tu
524 829 605 888 vero
627 826 781 887 dubitabis
806 835 837 888 et
863 828 1066 907 indignabere
1168 834 1173 843 “

16 920 18 975 ξ
98 911 222 972 obirei’
448 909 456 931 ¹

160 1031 199 1086 11,
217 1015 253 1085 3,
269 1014 326 1087 46,
356 1014 408 1076 45.
453 1012 557 1074 Seeuti
584 1032 687 1072 sumus
715 1012 855 1074 ordinem
880 1033 900 1073 a
925 1012 1067 1074 Bentleio

97 1100 281 1158 institutum.

162 1197 213 1258 lb.
230 1200 270 1258 63
286 1217 332 1278 sq.
355 1205 415 1258 sive
438 1207 575 1274 receptus
590 1207 671 1258 terro
687 1200 838 1273 Neptunus
852 1204 963 1259 classes
976 1194 1066 1275 Aqui·

97 1286 210 1343 ionibus
237 1290 321 1341 arcet
343 1289 421 1363 repis
443 1301 515 1356 opus
544 1292 602 1343 ete.
647 1280 746 1343 Credo
775 1284 871 1343 nimis
897 1303 985 1343 usum
1012 1303 1065 1343 an-

99 1370 217 1428 xietste
238 1367 342 1429 mireri
362 1364 553 1431 Meinekium
574 1368 655 1446 regis
677 1368 886 1446 appellatione
908 1387 1000 1447 quem
1020 1390 1066 1429 re·

99 1453 216 1530 fugerit
244 1470 365 1531 semper
398 1452 457 1512 hoo
484 1452 551 1512 loco
583 1451 750 1530 significari
777 1450 964 1594 Animum,
999 1472 1067 1512 eum

97 1536 284 1597 vocabulum
309 1535 394 1595 istud
415 1538 542 1597 minime
570 1536 611 1596 ad
632 1544 816 1614 potestatem
858 1537 927 1595 uius
948 1535 1004 1595 sed
1026 1536 1067 1596 ed

100 1620 360 1700 magnificentiam
375 1620 594 1681 declarandam
608 1618 780 1679 adhibitum
794 1639 860 1679 esse
874 1628 923 1679 set
937 1628 1066 1681 constet.

16 1722 17 1725 ’
98 1705 147 1765 Ita
170 1704 247 1765 alibi
271 1700 327 1782 [Ο.
348 1723 390 1778 11,
414 1706 469 1779 14,
493 1706 543 1764 11.
568 1699 627 1783 12]
657 1704 739 1764 ‘sive
761 1723 850 1782 reges
870 1705 936 1767 sive
958 1703 1067 1782 inopes

101 1796 211 1848 emmas
233 1789 370 1864 coloni'3
392 1809 457 1871 ⁴neo
477 1790 579 1850 minus
607 1787 646 1849 de
667 1788 814 1849 Romanis
840 1788 1066 1849 luxuriantibus

100 1869 145 1952 [S.
168 1892 210 1948 11,
234 1874 263 1947 2,
285 1868 341 1952 44]
364 1873 509 1934 ‘necdum
531 1874 628 1934 omnis
650 1872 758 1934 abacta
780 1873 944 1952 pauperies
967 1873 1066 1951 epulis

100 1958 243 2037 regum'‚.
258 1965 293 2016 ut
307 1958 419 2017 similia
433 1958 581 2037 pleraque
595 1958 722 2017 mittam.
754 1955 897 2017 Ceterum
919 1977 993 2015 num
1014 1955 1065 2016 ob-

98 2051 239 2103 versatus
260 2042 314 2116 sit,
337 2042 420 2120 quod
442 2044 563 2121 putavit
583 2041 718 2114 Tollius,
741 2040 792 2101 hic
812 2041 897 2102 loono
917 2040 1066 2114 Ausonio,

99 2127 152 2206 qui
175 2122 242 2204 [ed.
261 2126 308 2199 10,
326 2122 402 2206 290]
425 2125 661 2205 Hellespontum
683 2135 779 2205 ponte
801 2126 939 2186 iunctum
961 2123 1067 2204 ‘Regis

101 2231 179 2291 opus
200 2210 330 2290 Magni'
349 2213 484 2284 vocavit,
507 2212 561 2271 vix
581 2212 679 2270 susim
701 2208 839 2269 definire.

162 2310 213 2373 ΙΙ).
230 2312 269 2371 65
293 2316 371 2388 repis
384 2329 458 2387 opus
476 2315 620 2372 sterilisve
640 2313 692 2369 diu
711 2314 798 2383 pelas
819 2317 948 2383 optoque
970 2312 1065 2367 remis.

100 2396 161 2457 Hic
188 2397 363 2459 inveterato
389 2394 503 2457 mendo
532 2393 617 2472 (nam
639 2403 671 2455 et
691 2393 818 2454 Servius
840 2401 871 2453 et
891 2391 1067 2451 Priscianus

100 2488 277 2560 agnoscunt
290 2478 460 2559 vulgatam)
476 2479 722 2560 pyrrhichiacnm
737 2478 862 2539 effertur
875 2475 954 2537 illud
968 2476 1065 2555 palus,

79 2566 187 2644 -quod
210 2565 349 2625 certatim
372 2565 532 2644 explosore
553 2564 730 2635 Bentleius,
751 2561 939 2633 Meinekius‚
968 2560 1066 2621 Lach-

102 2668 236 2709 mannus
259 2645 316 2726 [M.
332 2648 392 2709 Rh.
407 2668 456 2723 111,
474 2646 560 2725 6¹17],
584 2657 738 2726 postremo
759 2667 816 2706 nos
839 2641 885 2724 [d.
901 2666 925 2704 r.
937 2664 977 2703 m.
993 2646 1066 2704 308.

101 2729 190 2812 342}
235 2733 278 2793 Et
297 2734 372 2794 satis
394 2733 519 2811 quidem
540 2732 621 2793 bene
644 2731 800 2792 Gesnerus
822 2730 957 2799 traiectis
978 2747 1067 2787 voca·

101 2816 184 2877 bulis
204 2818 329 2895 scripsit
349 2819 455 2897 ‘palus
479 2816 558 2890 diu',
575 2832 766 2895 vquamquem
787 2814 949 2874 fatendum
969 2811 1068 2872 simile

99 2901 336 2980 prorsushuins
350 2902 452 2962 hiatus
475 2901 648 2980 exemplum
668 2899 752 2980 apud
770 2898 916 2959 Flaccum
936 2917 1000 2957 non
1022 2916 1068 2956 re-

101 2987 207 3065 periri.
253 2985 359 3064 Quare
385 2987 480 3065 siquis
508 3005 576 3045 cum
597 2984 740 3045 Bentleio
763 2983 887 3061 gravide
915 2981 1070 3041 adfectum

99 3078 189 3150 putet
209 3070 295 3130 hunc
315 3090 451 3144 versum,
480 3089 537 3129 nos
559 3068 685 3148 quidem
711 3087 775 3127 non
796 3066 889 3136 valde
916 3084 1068 3145 repugna·

100 3153 213 3215 bimus.
242 3154 373 3215 Interim
395 3174 435 3214 ne
456 3154 602 3214 creticum
623 3172 679 3232 pro
696 3152 818 3230 dactylo
840 3150 1068 3211 admitteremus

99 3237 155 3299 ubi
178 3238 351 3312 nonlicet,
377 3236 509 3313 Gesneri
530 3238 692 3298 inventum
712 3234 918 3317 probavimus.

165 3337 214 3399 Il).
232 3340 305 3403 101.
348 3340 382 3399 Vt
397 3341 556 3398 fidentius
576 3341 722 3410 arrident,
745 3340 786 3394 ito
800 3337 936 3410 flentibus
950 3334 1068 3405 adflent.

100 3421 267 3482 ‘Addent’
290 3443 329 3484 ex
351 3424 546 3502 grammatico
568 3421 769 3500 vigorniensi
792 3417 879 3478 dedit
899 3414 1067 3485 Basileios,

100 3525 197 3585 quem
217 3508 314 3567 secuti
329 3527 443 3567 sumus.
473 3506 634 3567 ‘Adsunt'
657 3504 797 3585 plerique
819 3522 887 3561 oum
900 3497 1068 3561 Meinekio.

827 3594 866 3649 d*
983 3594 989 3597 Ὗ
