2610 4028
139 258 249 332 xvir}

567 258 683 314 LIBER.

253 418 348 496 ‘Quid
369 420 523 486 obseratis
545 422 674 485 auribus
696 421 804 487 fundis
825 421 956 507 preces?

252 504 329 570 Non
350 526 427 569 saxa
447 505 541 569 nudis
564 505 709 570 surdiora
729 506 845 570 navitis

251 587 302 654 Ne
324 592 422 653 tunus
443 589 509 653 alto
530 589 637 653 tundit
657 588 810 654 hibernus
831 590 910 655 salo.

252 672 291 737 In
362 675 435 737 sut
454 676 490 736 tu
512 673 618 738 riseris
641 671 784 823 Ootcptlie

251 755 315 905 {pl
359 759 393 821 ta
430 778 555 821 sacrum
576 757 668 822 liberi
718 757 871 841 upidinis,

347 806 477 925 sqdilini
521 841 643 906 ontifex
665 842 796 906 venefici

252 923 376 1009 Inpune
397 928 433 989 ut
454 863 574 990 Vrlem
595 925 725 990 nomine
746 926 877 1009 inpleris
901 927 994 991 meo?

253 1007 336 1084 Quid
355 1009 507 1106 proderat
528 1010 648 1074 ditasse
668 1008 840 1095 Paelignas
862 1032 955 1094 anus,

252 1091 440 1158 Veloornsve
462 1094 626 1159 miscuisse
647 1093 810 1159 toxicum?

253 1175 315 1243 Sed
336 1176 476 1242 tardiora
496 1177 564 1242 fata
584 1180 617 1242 te
637 1179 722 1242 votis
742 1182 886 1244 manent·

252 1259 384 1347 Ingrata
405 1262 521 1326 misero
543 1262 609 1326 vita
630 1261 805 1327 ducendast
824 1263 860 1326 in
879 1228 957 1346 lios,

251 1343 353 1410 Novis
376 1349 411 1409 ut
431 1367 530 1430 usque
553 1349 704 1431 suppetas
726 1346 897 1410 laboribus.

253 1428 351 1513 Optat
394 1430 510 1495 uietem
531 1430 658 1513 Pelopis
680 1429 771 1494 infidi
791 1434 895 1514 pater,

251 1512 360 1599 Egens
371 1451 540 1600 lenguae
561 1514 715 1579 Tantalus
737 1535 804 1579 sem
827 1535 862 1577 er
883 1513 988 1597 dapis,

252 1597 352 1682 Optat
371 1597 580 1664 Prometheus
602 1598 762 1683 obligatis
819 1597 868 1681 u,

252 1681 353 1766 Optat
374 1703 521 1766 supremo
545 1682 699 1748 oollooare
722 1680 756 1747 Si
838 1703 876 1746 us

251 1765 291 1831 In
311 1769 422 1831 monte
443 1788 568 1852 saxum3
591 1766 647 1831 sed
668 1769 780 1832 vetant
812 1787 887 1852 eges
908 1766 1003 1831 Iovis.

251 1848 349 1915 Voles
371 1850 467 1915 modo
489 1851 562 1915 altis
583 1850 710 1917 desilire
731 1850 886 1934 turribus,

251 1932 348 1999 Modo
372 1956 446 1999 ense
467 1938 578 2018 peetus
599 1934 719 2000 Norico
740 1934 917 2017 recludere,

251 2017 442 2103 Frustraque
463 2019 569 2084 vinela
589 2020 711 2105 gutturi
732 2024 841 2085 nectes
862 2024 933 2102 tuo,

251 2101 429 2167 Fastidiose
449 2103 550 2168 tristis
572 2105 778 2189 aegrimonia.

251 2185 411 2252 Vectabor
431 2188 549 2252 umeris
569 2191 647 2252 tune
669 2209 729 2274 ego
751 2187 889 2251 inimicis
912 2207 1022 2270 eques,

251 2269 405 2356 Meaeque
425 2275 511 2337 terra
532 2272 623 2337 cedet
643 2272 841 2336 insolentiae.

250 2357 306 2420 An
327 2376 408 2440 quae
429 2377 555 2421 movere
577 2377 684 2421 cereas
705 2356 876 2440 imagines,

251 2437 297 2504 Vt
316 2440 386 2524 ipse
405 2440 492 2506 nosti
513 2441 670 2523 curiosus,
693 2441 725 2504 et
745 2439 820 2524 polo

250 2520 402 2608 Deripere
423 2523 548 2589 Lunam
567 2525 698 2589 vocibus
718 2523 839 2608 possim
859 2524 954 2606 meis,

251 2606 377 2673 Possim
399 2612 553 2674 crematos
576 2608 712 2674 exaitare
733 2611 875 2673 mortuos

251 2689 459 2776 Desiderique
478 2696 656 2776 temperare
676 2693 806 2777 poeula,

251 2772 378 2841 Plorem
400 2777 477 2841 artis
499 2778 535 2841 in
554 2779 587 2842 te
609 2777 656 2841 nil
677 2777 803 2862 agentis
825 2775 978 2850 exituml’
