2610 4028
179 253 240 319 188
530 252 786 335 unsrsmnvn

241 417 387 484 Insonire
407 421 501 516 putes
523 417 689 482 sollemnia
709 439 760 483 me
781 438 884 502 neque
905 418 1005 501 rides,

241 502 311 569 Nec
331 501 448 567 medici
469 501 570 567 credis
591 522 652 566 nec
674 501 828 567 curatoris
850 523 945 586 egere

241 587 273 651 A
292 588 438 670 praetore
460 585 542 669 dati,
563 606 669 651 rerum
688 585 791 649 tutela
810 606 953 650 mearum

242 669 324 737 Cum
345 671 389 734 sie
410 672 443 734 et
462 690 561 753 prere
574 672 695 734 sectum
716 669 924 734 stomacheris
945 669 986 734 ob
999 688 1142 755 unguem

180 768 229 817 105
243 753 293 818 De
313 757 347 818 te
367 753 550 838 pendentis,
571 756 604 818 ts
626 753 825 838 respicientis
847 753 964 818 amici?
1123 796 1126 799 ,
1230 756 1234 761 '

241 837 295 902 Ad
316 859 486 902 summam:
508 837 634 921 sepiens
655 857 720 901 uno
741 837 846 902 minor
861 840 910 901 est
930 835 1021 919 Iove,
1042 835 1142 920 diver,

241 921 351 1005 Liber,
372 921 547 987 honoratus
553 970 563 1004 ,
583 920 730 1017 pulcher,
752 943 808 984 rex
830 920 965 1004 denique
985 941 1110 1005 regum,

241 1004 415 1092 Praecipue
436 1026 546 1089 senus,
567 1005 633 1069 nisi
653 1025 725 1069 oum
746 1004 862 1089 pituita
882 1005 1056 1069 molestust

586 1179 737 1188 Μ

632 1293 680 1369 Π.

242 1425 373 1491 Troiani
394 1424 472 1490 belli
493 1425 694 1509 scriptorem,
716 1424 854 1490 maxime
874 1424 973 1508 Lolli,

243 1509 328 1575 Dum
348 1512 385 1574 tu
407 1510 564 1575 declamas
586 1507 722 1593 Romae,
743 1508 914 1574 Praeneste
935 1509 983 1573 rel
1026 1507 1051 1591 ⁶,

243 1593 321 1677 Qui,
345 1593 421 1677 quid
442 1594 486 1657 sit
504 1590 688 1677 pulchrum,
717 1591 794 1676 quid
813 1595 923 1740 tog-pe,
950 1592 1006 1677 qui
1048 1591 1143 1674 utile,

808 1698 841 1740 ur
882 1698 949 1742 non

243 1761 373 1825 namus
395 1781 433 1825 ιι
453 1759 567 1824 monus
588 1758 768 1844 chrysippo
787 1698 824 1825 lc
843 1726 999 1826 omes
1020 1760 1107 1825 uere

208 1858 225 1908 5
248 1843 313 1910 Cur
334 1844 380 1908 ite
400 1842 603 1928 crediderim,
625 1844 689 1908 nisi
710 1843 787 1927 quid
807 1847 840 1909 to
862 1844 999 1927 detinet,
1022 1844 1107 1908 endi.

243 1927 378 2009 Fabula,
401 1949 464 2012 qua
483 1926 607 1993 Paridis
627 1932 759 2013 propter
779 1932 927 1993 nemotur
947 1949 1088 1993 amorem

244 2010 380 2076 Graecis
400 2012 565 2076 barbariae
587 2012 675 2077 lento
697 2012 808 2076 colliso
829 2012 950 2097 duello,

244 2095 420 2161 Stultorum
440 2118 554 2181 regum
576 2099 609 2161 et
628 2096 820 2180 populorum
842 2097 986 2161 continet
1007 2098 1123 2162 aestus.

244 2180 391 2245 Antenor
412 2184 521 2247 censet
541 2179 618 2244 belli
639 2179 820 2263 praecidere
842 2202 985 2245 causam:
1033 2230 1036 2235 s

195 2277 228 2325 ιο
248 2263 341 2340 Quod
360 2264 465 2348 Paris,
486 2267 524 2329 ut
544 2264 650 2330 sulvus
671 2267 785 2349 regnet
804 2265 953 2349 vivetque
973 2264 1100 2346 beatus,

245 2347 327 2433 (logi
371 2369 487 2413 ossen
548 2351 570 2413 t.
614 2347 734 2413 Nestor
755 2368 936 2433 conponere
957 2348 1030 2413 lites

244 2432 334 2496 luter
380 2433 486 2497 eliden
521 2431 639 2496 estinet
659 2434 692 2496 et
712 2430 797 2496 inter
818 2432 963 2497 Atriden.

244 2514 339 2579 Hune
351 2536 450 2598 emor,
465 2516 512 2579 ira
526 2514 653 2600 quidem
664 2517 875 2580 communiter
886 2516 952 2580 urit
963 2519 1141 2599 utrumque.

244 2597 404 2694 Quidquid
425 2599 562 2663 delirent
581 2620 688 2684 reges,
710 2599 893 2683 plectuntur
913 2598 1038 2665 Achivi.

195 2696 228 2744 15
243 2680 420 2765 Seditione,
443 2682 540 2765 dolis,
561 2683 681 2747 scelere
702 2687 797 2767 etque
818 2683 951 2748 libidine
972 2686 1006 2747 et
1025 2683 1073 2747 irs

244 2765 359 2832 Iliacos
380 2766 466 2831 intre
486 2788 594 2832 muros
615 2769 766 2850 peccetur
787 2770 820 2832 et
841 2770 939 2832 extro

242 2849 379 2934 Rursus,
402 2850 479 2935 quid
499 2852 598 2917 virtus
619 2854 652 2915 et
673 2850 750 2934 quid
771 2851 929 2936 sapientia
947 2851 1065 2935 possit,

243 2932 331 2998 Vtile
351 2935 519 3017 proposuit
539 2934 633 2999 nobis
655 2936 817 3019 exemplar
838 2934 982 3021 Vlixem,

243 3016 306 3091 Qui
327 3015 465 3081 domitor
486 3017 600 3083 'lboiae
620 3018 794 3083 multorum
815 3019 965 3103 providus
985 3018 1079 3083 urbes

193 3114 227 3162 20
241 3099 286 3163 Et
298 3120 403 3164 mores
417 3100 583 3167 hominum
598 3102 752 3186 inspexit,
768 3103 930 3188 lutumque
944 3122 1003 3186 per
1015 3121 1140 3185 aequor,

242 3182 328 3248 Dum
343 3184 419 3268 sibi,
441 3184 517 3250 dum
532 3185 627 3250 sociis
641 3186 778 3250 reditum
791 3189 898 3271 peret,
915 3208 1028 3271 aspera
1041 3185 1141 3250 multo

241 3266 393 3351 Pertulit,
416 3269 555 3334 adversis
577 3289 682 3334 rerum
703 3270 917 3337 immersabilis
939 3270 1042 3336 undis.

242 3350 390 3418 Sirenum
409 3374 503 3418 voces
524 3356 558 3418 et
577 3352 690 3418 (lmese
711 3354 827 3438 pocula
846 3354 949 3439 nosti3

242 3435 331 3510 Quae
353 3438 380 3500 si
402 3458 474 3500 cum
495 3436 590 3501 sociis
612 3437 728 3502 stultus
751 3439 945 3524 cupidusque
966 3438 1112 3517 bibisset,

191 3530 225 3579 25
240 3517 307 3583 Sub
328 3520 457 3582 domins
476 3520 642 3585 meretrice
663 3521 778 3586 fuisset
797 3524 901 3607 turpis
923 3525 956 3586 et
976 3542 1100 3602 excors,
