2610 4028
207 233 267 301 128
323 186 327 199 Ι
580 238 792 296 slsmlavls
1121 243 1176 317 [Π.

267 402 333 469 Sub
354 402 497 488 patribus
519 402 605 467 duris
626 403 776 467 tironum.
824 402 987 470 'Maxime'
1010 404 1081 489 quis
1100 427 1175 471 non

268 487 449 572 ‘Iuppiterl'
464 486 628 567 exclamat,
644 487 738 551 simul
752 490 847 572 atque
861 487 1004 553 audivit?
1020 489 1078 554 ‘At
1087 490 1124 553 in
1135 511 1174 555 se

266 571 330 636 Pro
342 575 474 656 quaestu
485 573 647 669 sumptum
657 570 819 636 iaeithio!
840 570 904 636 Vix
915 572 1041 659 eredere
1076 573 1173 657 ossis,

204 669 238 719 ao
269 655 371 733 Quam
386 656 447 720 sibi
459 676 527 720 non
541 657 585 720 sut
598 655 717 719 amicus
724 703 733 739 ,
748 655 794 720 ita
804 658 841 720 ut
851 659 942 740 pater
952 656 1022 740 ille,
1065 656 1174 722 erenti

267 739 390 805 Fabula
410 761 505 824 quem
525 739 678 804 miserum
697 742 796 825 gnato
817 740 934 806 vixisse
955 740 1067 826 lugeto

266 823 409 908 Induoit,
430 845 497 888 non
519 845 553 889 se
574 824 665 909 peius
686 824 873 889 cruciaverit
893 827 988 909 atque
1012 824 1074 890 hio.

269 908 374 992 Siquis
388 929 475 974 nune
489 910 620 992 quaeret
634 914 709 1005 ‘quo
726 930 779 973 res
793 908 871 973 haee
885 908 1059 992 pertinett’
1074 909 1173 975 illuo:

268 991 354 1057 Dum
374 995 478 1057 vitant
498 992 589 1057 stulti
609 992 701 1074 visa,
723 992 759 1057 in
780 993 938 1061 contraria
959 996 1099 1059 currunt.

204 1090 237 1140 ao
267 1076 443 1142 Malthinus
463 1076 581 1141 tunicis
604 1076 749 1142 demissis
771 1076 926 1163 ambulat3
948 1078 1072 1161 estqui

266 1160 394 1246 Inguen
415 1160 456 1224 ad
476 1161 668 1226 obscaenum
690 1160 853 1226 subductis
874 1183 975 1259 usque
996 1161 1129 1227 facetus.

267 1245 418 1310 Pastillos
439 1244 575 1310 Rufillus
597 1245 675 1328 olet,
698 1244 879 1343 Gorgonius
899 1245 1033 1311 hnoum.

266 1328 324 1394 Nil
339 1328 518 1395 mediumst.
542 1328 625 1397 Sunt
645 1328 701 1413 qui
714 1330 820 1394 nolint
840 1330 986 1416 tetigisse
999 1330 1063 1395 nisi
1083 1331 1171 1414 illas,

198 1426 201 1432 “
268 1412 408 1489 Quarum
429 1414 561 1478 subsuta
581 1414 664 1479 telos
685 1416 775 1499 tegat
796 1414 908 1480 instita
928 1418 1033 1501 veste3

204 1511 239 1561 so
270 1497 391 1564 Contra
408 1498 489 1562 alius
503 1498 625 1564 nullam
639 1498 702 1563 nisi
717 1498 817 1564 olenti
830 1499 865 1564 in
882 1499 1003 1565 fornice
1018 1502 1170 1564 stantem.

268 1581 406 1659 Quidam
425 1586 522 1647 notus
543 1582 639 1647 homo
661 1604 735 1647 eum
764 1583 864 1648 exiret
883 1583 1021 1666 fomioe,
1050 1585 1171 1649 ‘macte

266 1666 395 1731 Virtute
416 1669 498 1732 esto’
515 1667 624 1751 inquit
645 1667 803 1732 sententia
824 1666 876 1731 dia
893 1665 1039 1733 Catonis:

269 1751 366 1816 ‘Nam
388 1751 483 1815 simul
504 1772 542 1815 ao
562 1771 659 1815 venes
681 1750 803 1816 inflavit
823 1754 925 1816 taetra
945 1751 1060 1835 libido,

267 1833 340 1899 Huo
362 1835 491 1898 iuvenes
514 1838 679 1919 aequumst
701 1835 906 1919 descendere,
929 1856 996 1900 non
1016 1835 1141 1900 alienas

204 1931 238 1981 ao
269 1918 450 1984 Permolere
470 1925 609 1983 uxores!
654 1918 776 1984 ‘Nolim
800 1918 970 1984 laudarier’
992 1919 1097 2004 inquit

268 2000 334 2068 ‘Sio
354 2011 418 2068 me’
440 2002 573 2069 mirator
594 2004 692 2068 eunni
713 2002 909 2087 Cupiennius
931 2004 1006 2069 albi.

267 2086 419 2152 Audirest
440 2108 554 2171 operae
574 2087 727 2172 pretium,
749 2087 920 2172 procedere
940 2092 1026 2154 resto

268 2171 331 2248 Qui
351 2171 503 2237 moechos
516 2193 584 2237 non
604 2171 715 2256 voltis,
737 2176 775 2237 ut
788 2174 877 2237 omni
897 2176 989 2258 parte
1010 2173 1171 2257 laborent,

266 2255 374 2342 thue
395 2256 460 2321 illis
479 2257 581 2321 multo
604 2260 754 2341 corrupta
775 2256 883 2322 dolore
904 2258 1067 2343 voluptas,

204 2352 238 2404 40
269 2342 376 2425 Atque
396 2340 476 2406 haee
497 2362 583 2424 rare,
606 2341 698 2407 eadat
719 2341 798 2406 dura
818 2342 902 2406 inter
923 2363 1017 2425 saepe
1078 2342 1171 2407 riola.
1295 2378 1296 2385 κ

267 2424 330 2489 Hie
352 2447 386 2490 se
407 2424 614 2508 praeeipitem
634 2427 719 2490 teoto
742 2424 843 2510 dedit,
865 2426 920 2490 ille
941 2426 1024 2512 flage
1052 2427 1076 2490 's

251 2508 321 2573 nd
341 2512 477 2572 mortem
499 2529 623 2590 caesus,
645 2509 772 2594 fugiens
793 2508 847 2575 hie
868 2509 986 2575 deoidit
1007 2531 1112 2575 aerem

267 2591 468 2655 Praedonum
499 2592 535 2657 in
564 2593 704 2677 tumbam,
741 2594 829 2659 dedit
859 2593 913 2659 hio
943 2615 1002 2678 pro
1034 2615 1174 2678 eorpore
1294 2668 1295 2699 ἶ

266 2759 363 2859 Hunc
374 2727 624 2861 ''perminxenmt
644 2764 785 2848 calones3
801 2700 1010 2913 11Ψὲἓῶ
1030 2762 1112 2828 illud

204 2857 237 2908 as
269 2845 411 2930 Aeo1d1t‚
433 2851 471 2911 ut
492 2847 617 2912 eusdem
638 2849 736 2913 testes
758 2869 817 2913 eau
839 2871 891 2913 am
912 2870 952 2913 ue
974 2848 1112 2913 salacem
1184 2908 1188 2913 .

267 2928 473 2996 Demeterent
498 2931 593 2997 ferro.
623 2931 719 2996 ‘Iure'
741 2954 866 3018 omnes3
925 2932 998 2997 alba
1017 2931 1173 3079 negabat.

267 3012 380 3078 lusor
401 3018 574 3099 alquanto
597 3037 686 3080 merx
706 3019 757 3081 est
777 3017 812 3082 in
833 3017 934 3082 olasse
955 3038 1053 3084 secun
1075 3036 1109 3099 a,

129 3164 132 3169 ,
267 3096 503 3165 Libertinamm
525 3099 612 3185 dieo,
635 3099 792 3166 Salustius
813 3102 848 3166 in
870 3122 948 3186 ques

266 3181 694 3269 Nonminusineanitquam
711 3185 765 3269 qui
779 3185 973 3251 moechatur.
1005 3187 1052 3251 At
1066 3185 1121 3250 hie
1132 3186 1174 3271 si,
1293 3172 1294 3205 ἦ

203 3278 238 3327 oo
267 3265 338 3343 Qua
351 3288 424 3364 ures,
447 3290 509 3354 qua
529 3269 612 3366 ratio
634 3270 794 3354 suaderet,
817 3293 940 3368 quaque
962 3270 1106 3368 modeste

267 3350 420 3416 Munifieo
442 3374 511 3417 esse
533 3352 623 3436 hoet,
650 3354 748 3419 vellet
767 3355 871 3420 bonus
894 3358 989 3440 atque
1009 3355 1176 3440 bemgnus

267 3433 363 3519 Esse,
386 3436 477 3534 daret
497 3440 652 3585 guantum
673 3438 750 3503 satis
767 3443 865 3523 esset,
885 3461 947 3505 nee
968 3439 1030 3537 sibi
1052 3438 1175 3505 damno
1292 3438 1293 3501 3

267 3518 486 3605 Dedeeonque
514 3524 591 3587 oret.
615 3521 736 3588 Verum
750 3522 812 3590 hoe
826 3545 860 3591 se
875 3524 1080 3609 ampleoutur
1094 3546 1176 3610 uno,
