2570 4022
369 617 407 694 o.
429 617 612 685 nolam
633 620 787 688 micci

304 785 341 885 O
367 787 569 887 ΑΒΜ
593 791 694 889 ΙΝ
721 792 769 888 V
794 792 849 889 M

445 986 553 1041 LIBER
568 988 711 1046 PRIMVS.

560 1132 579 1206 I

181 1229 371 1333 Maecenas
394 1264 495 1328 atavis
517 1263 600 1328 edite
622 1263 766 1350 regibus,

182 1346 209 1411 0
232 1349 265 1412 et
284 1347 478 1432 praesidium
500 1349 532 1411 et
554 1347 645 1413 dulce
667 1348 762 1413 decue
783 1370 904 1432 meum,

182 1428 265 1496 Sunt
285 1453 365 1516 quos
387 1432 543 1497 curriculo
564 1433 728 1516 pulverem
750 1431 953 1517 Olympicum

182 1513 358 1601 Collegisse
379 1516 481 1600 iuvat,
504 1518 651 1601 metaque
673 1516 803 1581 fervidis

181 1649 311 1714 Eritata
330 1652 410 1715 rotis
431 1651 601 1736 palmaque
622 1650 740 1717 nobilis
1044 1663 1059 1710 5

97 1737 105 1743 “
182 1733 351 1799 Terrarum
374 1735 519 1800 dominos
542 1735 648 1801 evehit
669 1735 710 1800 ad
732 1736 823 1821 deos3

181 1817 291 1901 Hunc,
314 1818 340 1883 si
361 1819 529 1884 mobilium
549 1821 645 1885 turba
666 1819 837 1897 Quiritium

183 1899 292 1967 Oertat
312 1904 498 1989 tergeminis
519 1905 632 1969 tollere
652 1903 844 1992 honoribus3

182 2036 291 2121 Illum,
315 2038 344 2103 si
363 2041 494 2188 proprio
516 2039 659 2106 condidit
678 2039 809 2123 horreo,

183 2121 343 2206 Quidquid
366 2122 404 2187 de
452 2125 554 2208 ibycis
575 2125 710 2189 verritur
732 2124 823 2190 arcis.
1029 2136 1063 2186 10

182 2205 383 2271 Gaudentem
403 2209 525 2292 patrios
548 2208 668 2273 findere
690 2208 814 2272 sarculo

181 2291 288 2376 Agros
309 2292 459 2357 Attalicis
482 2290 720 2358 condicionibus

181 2425 365 2511 Numquam
388 2426 564 2512 dimoveas,
585 2429 622 2492 ut
642 2427 732 2492 trabe
755 2425 874 2510 Cypria

182 2509 346 2594 Myrtoum
365 2512 499 2595 pavidus
520 2515 620 2578 nauta
641 2513 727 2577 secet
747 2532 843 2576 mare.

182 2593 372 2660 Luctantem
392 2595 504 2661 Icariis
525 2597 674 2662 fluctibus
696 2596 842 2661 Africum
1031 2608 1063 2658 15

182 2677 342 2767 Mercator
362 2684 521 2765 metuens,
545 2682 646 2746 otium
668 2683 700 2746 et
721 2681 831 2765 oppidi

182 2813 307 2879 laudat
328 2839 403 2880 rura
424 2816 487 2882 sui·
510 2838 586 2881 mox
606 2816 709 2880 reficit
730 2818 813 2880 rates

184 2898 336 2984 Quaerere,
359 2868 505 2966 indocilis
526 2901 710 2985 pauperiem
731 2899 809 2983 pati.

27 3064 29 3077 Ι
182 2981 243 3048 Est
263 2984 318 3069 qui
339 3005 399 3050 nec
419 2984 535 3049 veteris
545 2985 672 3133 (pocula
693 2984 824 3048 Massici

27 3098 29 3131 ι
146 3090 152 3094 ·
183 3066 252 3133 Nec
272 3072 398 3152 partem
419 3068 521 3133 solido
566 3090 669 3133 emere
691 3067 730 3132 de
753 3067 803 3132 die
1030 3081 1066 3130 ao

185 3200 326 3286 Spernit,
348 3225 434 3269 nunc
456 3204 549 3269 viridi
570 3204 713 3268 membra
735 3204 793 3268 sub
816 3203 929 3269 arbuto

185 3284 308 3352 Stratus
330 3310 417 3353 nunc
440 3288 480 3353 ad
503 3310 604 3373 aquae
625 3289 697 3353 lene
721 3291 816 3374 caput
838 3308 957 3352 sacrae.

184 3366 303 3436 Multos
326 3375 430 3439 castra
451 3374 562 3439 iuvant
585 3377 617 3438 et
637 3374 717 3439 lituo
739 3374 834 3438 tubae

184 3451 362 3522 Permixtus
386 3458 507 3524 sonitus
530 3458 676 3544 bellaque
698 3458 852 3524 matribus

27 3572 29 3583 ·
145 3555 275 3598 nonnus.
895 3564 910 3612 1

27 3586 29 3627 l

27 3638 29 3711 1
