2570 4022
502 243 715 302 PRAEFATIO.
1028 246 1092 303 XLI

125 411 263 480 constat3
293 402 423 462 alteram
444 410 476 463 et
499 423 518 463 a
539 403 688 462 sermonis
709 403 816 464 Latini
837 403 959 483 legibus
982 404 1091 465 abhor-

9 496 10 499 ’
123 508 193 548 rere
216 495 249 548 et
262 488 314 547 vel
327 488 453 547 minime
473 487 502 546 si
523 486 687 548 abhorreat
707 487 810 548 refelli
831 489 1015 568 insequente
1036 488 1092 550 illo

126 576 174 651 tq.
189 592 221 650 p.
237 591 262 634 s.
277 572 313 631 tg'
344 570 429 649 Quid
445 570 547 631 enim?
567 570 704 631 Lucilius
719 572 745 632 si
760 580 848 633 tanta
862 573 1092 653 fuitelegantia

124 657 247 736 ingenii
267 655 440 735 praeditus,
469 665 505 715 ut
525 655 650 716 indocto
679 663 710 715 et
737 655 808 716 ideo
830 667 933 735 spreto
956 677 974 716 a
995 657 1090 719 Grae·

9 780 11 797 ,
124 742 169 801 cis
192 742 328 800 carmine
349 760 418 800 cum
440 740 571 820 primum
598 740 734 800 animum
760 740 945 820 applicasset
967 744 1090 803 comita·

123 834 189 884 tem
215 824 346 885 adderet
374 832 407 883 et
427 823 647 896 urbanitatem,
675 826 826 884 mirumne
848 826 906 884 erit
928 845 997 885 eum
1018 846 1090 905 poe·

124 921 175 968 tas
197 908 420 988 praecedentes
441 918 580 987 tempore
603 907 688 986 (nam
711 908 750 968 de
765 909 985 988 posterioribus
1001 929 1090 970 nemo

124 993 219 1052 facile
247 990 408 1071 cogitarit)
446 1001 477 1052 et
505 992 544 1052 ob
572 991 605 1052 id
637 995 738 1071 ipsum
771 995 949 1074 pingniores
980 995 1092 1055 vicisse

125 1076 216 1137 arte?
251 1070 295 1137 Vt
316 1078 454 1137 omittam
474 1095 568 1155 quam
588 1096 653 1136 non
674 1078 715 1136 sit
736 1080 920 1138 concinnum
941 1078 1020 1137 illud
1042 1078 1090 1159 ‘q

125 1182 158 1241 p.
180 1182 207 1221 s.
228 1169 252 1223 t.
260 1163 281 1234 ',
311 1162 337 1220 si
359 1170 467 1221 auctor
486 1161 540 1221 ille
562 1169 684 1221 saturae
707 1180 765 1221 nec
786 1162 853 1242 ipse
875 1163 969 1223 fuerit
992 1162 1090 1222 diver·

79 1254 83 1264 '
125 1266 177 1306 sus
193 1244 232 1305 ab
247 1245 379 1305 Lucilio.
399 1275 434 1289 ·-
459 1245 570 1324 Neque
591 1248 798 1325 repugnantia
818 1247 947 1306 tradidit
960 1246 1091 1307 Flaccus

125 1350 221 1409 supra
248 1327 303 1390 ubi
329 1329 483 1390 Lucilium
512 1331 706 1389 inventorem
732 1339 856 1391 saturae
885 1331 967 1391 dicit.
1011 1331 1092 1392 Nam

126 1423 280 1493 quatenus
295 1413 372 1474 rude
395 1422 426 1474 et
447 1435 467 1474 a
481 1412 670 1474 Graecorum
692 1414 848 1493 elegantia
870 1415 1006 1476 alienum
1027 1437 1090 1476 car·

125 1517 198 1559 men
225 1498 286 1558 init
310 1506 428 1572 satura,
460 1499 510 1557 cui
531 1498 597 1558 fere
619 1499 771 1578 quidquid
793 1501 911 1580 negotii
938 1503 1092 1561 evenisset

125 1584 254 1643 humani
275 1602 317 1643 an
333 1583 432 1643 dicam
446 1581 660 1662 quodcumque
681 1584 715 1642 in
730 1582 856 1643 buccam
869 1585 1007 1644 venisset
1028 1587 1090 1644 exi·

127 1688 189 1746 guo
222 1668 411 1727 insereretur
438 1666 568 1739 dilectu,
606 1676 761 1728 auctorem
792 1672 857 1728 sive
887 1670 1089 1742 inventorem,

125 1753 185 1810 hoc
212 1759 260 1812 est
286 1753 340 1831 qui
366 1753 483 1831 primus
508 1752 620 1811 litteris
647 1751 752 1811 latinis
784 1752 956 1813 addidisset
982 1755 1090 1813 merito

128 1837 208 1896 dixit
228 1836 376 1896 Ennium.
418 1836 461 1896 Et
488 1835 572 1896 hunc
598 1836 723 1915 quidem
749 1838 803 1916 qui
831 1836 931 1897 obiter
952 1856 1009 1896 nec
1031 1839 1091 1896 nisi

126 1922 318 2000 privatorum
345 1919 504 1981 hominum
531 1920 610 1981 vitia
635 1929 780 1999 tangeret
806 1923 1031 2000 castigaretque
1057 1924 1090 1981 iu

127 2025 222 2084 opere
250 2005 348 2065 secuti
368 2013 442 2064 sunt
461 2003 615 2065 Pacuvius
643 2011 673 2064 et
694 2005 755 2063 nisi
784 2006 887 2065 omnia
907 2024 957 2066 me
978 2004 1092 2066 fallunt

126 2089 225 2149 Varro
255 2090 304 2148 cui
330 2089 463 2148 Reatino
492 2107 672 2168 cognomen.
714 2087 836 2149 Novam
863 2098 966 2150 antem
993 2098 1025 2150 et
1046 2090 1090 2149 di·

126 2193 248 2234 versam
262 2173 356 2253 plane
378 2171 417 2232 ab
431 2172 530 2232 Ennii
550 2181 686 2233 saturam
698 2173 827 2251 protulit
840 2172 987 2246 Lucilius,
1011 2193 1091 2251 quae

125 2259 319 2338 potissimum
350 2256 552 2319 emendandis
583 2255 711 2316 consilio
744 2264 775 2316 ct
808 2257 947 2334 exemplo
980 2258 1092 2316 civium

126 2341 262 2403 moribus
283 2350 365 2403 esset
386 2341 542 2414 dedicata,
571 2341 780 2420 primoresque
801 2340 909 2419 populi
930 2341 1091 2419 ipsumque

126 2429 277 2506 arriperet
298 2426 460 2505 populum;
483 2444 576 2505 quam
598 2424 652 2484 diu
673 2426 825 2485 iacentem
845 2424 1024 2503 pastillum
1044 2444 1091 2484 re·

126 2513 315 2571 suscitarunt
343 2508 483 2571 Caesaris
511 2510 668 2569 dictatoris
695 2508 883 2588 temporibus
910 2508 1009 2569 Varro
1038 2510 1092 2588 qui

128 2595 227 2655 dictus
250 2592 416 2672 ab'Atac03
440 2614 512 2655 mox
532 2594 658 2653 meliore
680 2613 823 2654 successu
837 2593 994 2666 Horatius,
1017 2593 1090 2654 Per·

126 2680 205 2753 sius,
228 2678 402 2751 Iuvenalis,
426 2698 533 2739 omnes
555 2678 778 2757 cadempleno
799 2697 862 2758 qua
882 2678 1019 2738 Lucilius
1040 2679 1092 2737 via

126 2764 272 2842 ingrcssi,
302 2771 430 2841 excepto
457 2762 541 2842 quod
568 2771 685 2822 mutata
711 2772 882 2842 temporum
909 2761 1091 2822 condicione

125 2848 308 2908 recentioris
334 2849 435 2927 potius
456 2847 631 2907 Atticorum
657 2847 833 2907 comoediae
854 2864 947 2925 quam
971 2848 1092 2927 priscae

124 2951 210 2992 more
231 2933 266 2992 in
288 2931 474 2992 denotandis
494 2930 669 2991 hominibus
690 2939 763 2990 sunt
782 2933 906 2991 versati.
940 2931 1024 3011 Apte
1046 2932 1091 2991 fa·

126 3017 213 3077 ciunt
247 3015 289 3076 ad
316 3015 397 3076 hanc
430 3016 668 3094 explicationem
701 3034 780 3094 quae
809 3015 975 3075 Suetonius
1009 3015 1092 3094 apud

124 3099 310 3160 Diomedem
332 3099 372 3159 de
386 3109 490 3160 satura
510 3100 639 3159 tradidit
660 3094 727 3178 [pg.
744 3101 786 3160 20
799 3095 919 3177 Rern}
949 3098 1092 3160 Ceterum

126 3193 258 3263 apparet
279 3203 318 3244 ca
338 3185 409 3263 ipsa
428 3204 462 3244 re
483 3185 567 3264 quod
594 3192 710 3244 mutato
733 3203 848 3262 genere
875 3192 908 3244 et
928 3183 1090 3244 contractis

126 3268 240 3331 finibus
263 3269 364 3347 operis
387 3269 597 3330 exundantem
617 3268 777 3328 materiam
797 3269 880 3327 intra
902 3275 1000 3339 certa,
1030 3284 1090 3344 quo

125 3353 284 3430 proposito
298 3371 354 3412 suo
370 3354 558 3425 conveniret,
575 3353 710 3413 coercuit
723 3354 825 3432 spatia
838 3349 985 3422 Lucilius,
1002 3369 1090 3427 opor-

77 3492 81 3499 ,
124 3437 221 3497 tuisse
243 3437 384 3510 evenire,
407 3445 443 3496 ut
464 3437 578 3497 cultum
599 3435 754 3517 quendam
774 3436 940 3512 limamque
962 3453 998 3492 ac
1012 3434 1090 3492 nito·

124 3539 191 3581 rem
216 3522 368 3600 reciperet
395 3522 461 3581 eius
490 3530 607 3595 satura,
642 3520 839 3598 differretque
867 3516 905 3578 ab
938 3516 994 3577 illa
1022 3516 1092 3577 rudi
