2558 4022
22 298 24 303 Α
108 222 140 294 r]
499 219 606 276 nuru
627 221 662 278 u.
1005 215 1067 280 217

110 382 152 449 Vt
171 381 254 447 nihil
276 381 446 465 anteferat,
469 382 550 449 nihil
571 383 635 448 illis
657 387 822 469 conparet:
845 388 942 471 errat,
1036 396 1070 447 er>

111 466 143 534 Si
164 466 318 551 quaedam
338 466 434 531 nimis
457 468 601 552 antique,
624 468 652 533 si
672 469 823 553 pleraque
845 469 922 534 dure

110 552 220 617 Dicere
242 551 343 617 credit
365 572 434 634 eos,
456 552 572 637 ignave
593 553 695 617 multa
715 554 850 636 fatetrr,

110 635 152 701 Et
172 636 256 720 sapit
277 639 310 701 et
329 657 454 700 mecum
474 636 552 701 facit
573 640 606 701 et
625 635 701 702 Iove
723 637 841 702 iudicat
862 659 972 722 aequo.

109 720 182 786 Non
204 720 349 804 equidem
371 720 512 785 insector
533 720 705 786 delendave
727 723 868 787 earmina
888 722 959 786 Liri

109 804 186 870 Esse
207 825 294 887 reor,
316 805 449 869 memini
491 826 551 870 uae
572 807 742 892 plagosum
761 805 841 871 mihi
861 827 961 890 parvo
1036 819 1070 869 70

111 888 264 955 Orbilium
285 888 419 973 dictare3
442 826 498 953 seh
520 889 687 955 emendata
707 891 807 955 rideri

109 972 305 1057 Pulchraque
327 977 361 1038 et
381 973 501 1038 exactis
523 975 690 1040 minimum
713 974 866 1040 distantia
886 974 994 1039 miror.

109 1057 195 1122 lnter
216 1078 296 1141 quae
317 1057 449 1122 verbum
471 1058 601 1123 emicuit
622 1059 650 1123 si
670 1060 754 1124 forte
775 1059 925 1124 decorum
947 1062 991 1122 et·

110 1141 143 1208 si
162 1164 271 1208 versus
292 1141 400 1226 paullo
423 1142 610 1207 concinnior
630 1164 712 1209 unus
734 1147 767 1208 et
788 1144 881 1208 alter:

108 1225 228 1291 Iniuste
249 1229 353 1312 totum
375 1226 464 1291 ducit
484 1226 654 1311 venditque
675 1249 798 1312 poema.
1035 1239 1068 1289 'le

107 1309 263 1396 Indignor
284 1311 452 1395 quicquam
473 1310 678 1396 reprehendi,
700 1333 767 1377 non
789 1314 864 1397 quia
885 1332 989 1377 orasse

109 1394 319 1480 Conpositum
339 1395 517 1479 inlepideve
538 1399 681 1480 putetur,
703 1395 760 1461 sed
782 1398 856 1480 quia
875 1418 991 1481 nuper,

107 1479 175 1546 Nec
185 1480 312 1545 veniam
323 1478 704 1564 antiquis,sedhonorem
716 1484 748 1546 et
758 1481 900 1564 praemia
909 1480 1010 1565 posci.

107 1563 204 1630 Recte
226 1585 327 1629 necne
350 1585 478 1629 crocum
499 1563 654 1648 floresque
676 1564 874 1649 perambulet
894 1565 992 1628 Attae

107 1647 228 1713 Fabula
249 1648 277 1713 si
299 1647 455 1733 dubitem,
478 1648 617 1714 clament
636 1650 769 1733 periisse
789 1649 943 1734 pudorem
1035 1660 1070 1710 80

108 1731 222 1800 Cuncti
242 1753 344 1816 paene
364 1735 486 1817 patres,
509 1754 548 1797 ea
562 1754 635 1799 curn
650 1733 881 1818 reprehendere
895 1753 1005 1817 coner,

107 1816 194 1892 Quae
216 1817 324 1914 gravis
345 1818 506 1902 Aesopus,
528 1839 609 1902 quae
631 1817 743 1885 doctus
764 1818 899 1884 Roscius
921 1818 1004 1904 egit:

105 1899 167 1966 Vel
182 1922 256 1985 qma
269 1901 317 1966 nil
331 1904 463 1985 rectum,
478 1902 542 1967 nisi
556 1902 641 1985 quod
655 1903 776 1987 placuit
789 1903 861 1987 sibi,
876 1902 1005 1984 ducunt,

104 1983 167 2050 Vel
210 1985 264 2050 uia
283 1986 376 2069 turpe
397 1989 513 2070 putant
533 2007 644 2071 parere
658 1987 849 2070 minoribus,
872 1990 905 2050 et
926 2007 1006 2070 quae

104 2068 202 2134 Inber
224 2069 236 2133 i
258 2069 411 2151 didicere,
433 2091 525 2134 senes
546 2070 708 2154 perdenda
728 2071 830 2135 fateri.
1034 2080 1069 2132 85

104 2152 174 2218 lam
197 2152 318 2219 Saliare
338 2153 465 2219 Numae
488 2174 617 2219 carmen
638 2154 693 2238 qui
714 2154 823 2218 laudat
844 2156 876 2218 et
896 2153 991 2235 illud,

105 2237 199 2314 Quod
220 2259 345 2303 mecum
367 2238 378 2300 i
426 2241 510 2321 orat,
533 2239 619 2303 solus
641 2238 710 2302 volt
730 2238 811 2303 scire
832 2237 947 2321 videri,

103 2318 249 2408 Ingeniis
270 2342 337 2386 non
358 2321 414 2387 ile
434 2323 521 2386 favet
540 2322 726 2407 plauditque
749 2322 897 2407 sepultis,
1130 2401 1134 2406 .

103 2405 228 2472 Nostra
249 2405 305 2471 sed
326 2406 360 2471 in
383 2408 500 2491 ugnat,
522 2426 582 2471 nos
603 2410 775 2490 nostraque
796 2404 912 2470 lividus
934 2405 1011 2471 odit.

105 2489 199 2568 Quod
221 2490 338 2556 sitam
360 2429 490 2556 dracus
511 2490 637 2556 novitas
657 2491 762 2556 invisa
781 2491 895 2556 fuisset
1036 2503 1072 2552 eo

104 2574 209 2650 Quam
235 2575 346 2659 nobis,
377 2574 453 2659 quid
479 2596 566 2641 nune
592 2579 677 2641 esset
703 2575 906 2725 vhetppgtaut
931 2574 1007 2659 quid

736 2682 755 2724 a
812 2682 829 2725 e
849 2694 858 2744 ,

103 2742 199 2820 Quod
222 2744 344 2829 legeret
364 2747 542 2828 tereretque
564 2745 683 2809 viritim
704 2745 850 2828 publicus
872 2742 971 2807 usus?

100 2826 149 2893 Vt
171 2828 311 2912 primurn
332 2829 446 2913 positis
467 2829 582 2914 nugari
604 2828 738 2894 Graecia
758 2828 851 2892 bellis

100 2910 222 2997 Coepit
243 2913 331 2978 etin
346 2914 460 2979 vitium
481 2913 610 2978 fortuna
631 2912 731 2977 labier
745 2932 863 2996 aequa,

98 2995 200 3063 Nunc
222 2995 414 3062 athletarum
437 2997 549 3067 stodiis
571 3018 657 3062 nunc
678 2996 757 3061 arsit
778 3016 946 3080 equorum,
1037 3006 1072 3056 95

98 3079 274 3146 Marmoris
297 3086 352 3148 aut
373 3082 478 3147 eboris
500 3082 608 3146 fabros
630 3084 685 3146 aut
706 3081 788 3146 aeris
810 3079 943 3164 amavit,

99 3163 279 3250 Suspendit
299 3166 386 3249 picta
406 3166 528 3230 voltum
549 3168 752 3249 mentemque
772 3164 905 3245 tabella,
1058 3236 1060 3239 ¹

97 3248 200 3316 Nunc
221 3249 423 3331 tibicinibus,
446 3253 604 3317 nuncest
624 3251 735 3397 paviae
755 3252 786 3313 tr
830 3247 933 3331 oedis;
1066 3288 1069 3291 -

98 3331 171 3398 Sub
193 3330 324 3399 nutrice
339 3334 448 3418 puella
468 3335 556 3399 velut
577 3334 604 3399 si
638 3333 778 3399 uderet'
818 3353 891 3414 ans,

98 3415 199 3492 Quod
221 3418 335 3503 cupide
356 3419 464 3503 petiit,
487 3420 611 3484 mature
632 3418 728 3502 plena
748 3415 885 3498 reliquit.
1023 3426 1074 3478 100

96 3498 176 3567 Hoc
196 3523 292 3587 paces
312 3501 452 3568 habuere
474 3502 578 3568 bonae
598 3502 748 3586 ventique
770 3498 911 3566 secundi.
