2600 4026
513 235 622 293 LIBER
642 236 691 293 ΠΙ.

228 397 290 463 Hic
312 397 380 463 dies
402 419 475 464 vere
496 397 577 462 mihi
597 398 697 464 festus
720 402 805 464 atras

226 481 357 547 Eximet
378 503 485 567 curae3
508 503 569 564 ego
590 503 650 548 nec
671 484 843 549 tumultum

227 565 298 631 Nee
318 566 402 631 mori
422 587 481 650 per
501 567 566 630 vim
587 570 728 632 metuam
749 570 879 632 tenente
1055 579 1086 630 16

274 649 411 715 Caesare
432 653 542 714 terras.

227 767 261 849 1,
282 771 356 852 pete
466 770 590 852 cutum,
612 791 705 853 puer,
728 772 761 834 et
782 790 918 835 coronas

227 851 272 916 llt
292 852 407 917 cadum
463 853 528 916 arsi
549 874 722 918 memorem
744 853 857 938 duelli,

228 934 415 1020 Spartacum
437 936 529 1020 siqua
549 938 655 1022 potuit
676 940 845 1024 vagantem

273 1019 397 1085 Fallere
414 1022 510 1086 testa.
1052 1034 1087 1084 20

227 1137 290 1202 Die
311 1141 344 1203 et
364 1141 496 1224 argutae
517 1141 666 1237 properet
686 1138 829 1206 Neaerae

227 1221 390 1287 Murreum
409 1222 495 1288 nodo
518 1223 686 1289 cohibente
709 1225 842 1309 erinem3

229 1305 264 1371 Si
308 1329 343 1371 er
363 1308 502 1373 invisum
523 1328 614 1372 mora
634 1308 805 1373 ianitorem

304 1392 360 1474 et,
382 1391 479 1458 abito.

227 1508 323 1575 Iaenit
344 1509 508 1573 albescens
530 1508 653 1575 animos
676 1510 809 1595 capillus
1050 1523 1089 1573 aa

226 1591 346 1657 Litium
368 1596 401 1657 et
420 1594 508 1658 rixae
530 1594 662 1679 cupidos
683 1596 863 1680 protervam

226 1675 304 1742 Non
325 1698 385 1762 ego
407 1677 607 1743 hoctenem
628 1679 749 1744 calidus
770 1679 900 1744 iuventa

275 1758 414 1826 Consule
434 1760 563 1827 Planco.

524 1900 677 1913 ——d———ae

499 1985 641 2059 *XV.
748 2050 761 2074 ,

224 2097 316 2163 onr
335 2100 483 2184 pauperis
504 2099 609 2183 lbyei‚

273 2182 416 2248 Tandem
435 2185 597 2268 nequitiae
617 2184 681 2270 fige
701 2184 832 2249 modum
852 2187 927 2249 tuae

226 2266 433 2353 Famosisque
456 2268 634 2333 laboribus:

273 2350 399 2418 Maturo
421 2354 552 2437 propior
573 2352 681 2417 desine
702 2351 808 2416 funeri

223 2468 314 2533 Inter
335 2470 443 2535 ludere
463 2470 618 2555 virgines,
1065 2483 1085 2532 s

271 2553 317 2618 Et
337 2554 438 2619 stellis
459 2554 611 2619 nebulam
632 2575 781 2652 spargere
804 2555 957 2621 candidis.

223 2636 317 2719 Non,
340 2638 444 2722 siquid
464 2637 610 2703 Pholoen
631 2643 724 2721 satis,

301 2725 316 2786 t
336 2725 368 2787 le
374 2772 385 2805 ‚
408 2721 533 2806 Ohlori,
556 2722 659 2788 decet:
682 2723 749 2789 filia
770 2725 888 2788 rectius

272 2720 300 2785 Ε

222 2838 297 2987 Exp
365 2843 399 2904 et
419 2840 569 2904 iuvenum
588 2839 715 2923 domos,

332 2945 367 2988 so
389 2922 508 3007 Thyias
529 2925 578 2989 uti
599 2924 725 2989 concita
745 2927 909 3010 tympano.
1049 2939 1083 2988 10

222 3006 319 3072 Illam
340 3008 428 3093 cogit
449 3029 540 3073 amor
559 3007 662 3074 Nothi

269 3090 422 3157 Lascivae
443 3092 579 3157 similem
600 3093 709 3158 ludere
730 3115 876 3181 capreae5

222 3206 268 3273 Te
289 3210 382 3274 lanae
425 3231 504 3295 rope
524 3211 665 3277 nobilem
842 3266 844 3270 .
952 3295 954 3298 y

269 3233 589 3376 Tonsaoliuceriem,
611 3317 679 3360 non
701 3295 841 3361 citharae
864 3296 978 3361 decent

223 3375 292 3443 Nee
312 3379 371 3442 flos
392 3401 568 3463 purpureus
589 3401 681 3444 rosae
1047 3393 1078 3442 15

268 3460 337 3528 Neo
358 3463 427 3548 poti
447 3464 587 3528 vetulam
599 3465 696 3539 ,faece
717 3467 811 3529 tenus
834 3464 913 3529 cadi.

522 3584 673 3594 ..υ-.-

887 3616 924 3670 ὃ*
