2600 4026
115 219 260 292 mrsu]
520 220 670 282 amasi
735 193 742 205 '

195 381 303 466 Cogor
323 377 468 447 relictos:
496 404 571 447 nam
593 405 633 448 ue
653 381 828 469 Diespiter,

196 465 270 550 Igni
292 486 424 532 corusco
446 466 559 531 nubila
604 466 723 531 'videns

121 588 124 594 -
237 548 444 634 Plerumque,
466 572 524 634 per
568 572 661 615 urum
681 554 830 619 tonantes

282 632 363 719 Egit
384 636 489 718 equos
504 573 729 719 volucremque
751 657 892 721 currum3

196 751 265 826 Quo
287 751 382 815 bruta
402 751 498 816 tellus
520 755 553 815 et
572 773 657 837 vaga
676 752 823 836 flumina,

197 833 266 911 Quo
288 833 367 918 Styx
388 836 422 899 et
441 834 538 899 invisi
558 835 689 900 horrida
709 835 846 901 Taenari

238 917 334 984 Sedes
356 918 527 983 Atlanteas
549 941 589 984 ue
610 920 684 983 finis

285 1001 481 1068 Ooncutitm.
550 1004 614 1069 alet
633 1004 699 1068 ima
720 1005 851 1069 summis

195 1118 319 1184 Mutare
342 1122 374 1183 et
394 1119 556 1205 insignem
577 1123 722 1186 attenuat
742 1120 834 1204 deus,

196 1202 339 1268 Obscura
358 1224 525 1289 promens3
546 1204 623 1269 hino
644 1206 767 1289 apicem
788 1226 887 1290 rapax

237 1287 380 1368 Fortuna
401 1308 474 1351 eum
495 1288 630 1353 stridore
652 1292 744 1354 acuto

283 1370 433 1455 Sustulit,
454 1370 509 1437 hic
528 1373 672 1457 posuisse
693 1372 821 1458 gaudet

514 1595 660 1702 mu.

179 1758 222 1824 *0
245 1759 333 1843 diva,
354 1761 482 1844 gratum
504 1779 584 1842 quae
605 1760 691 1845 regis
716 1760 863 1845 Antium,

194 1843 347 1907 Praesens
368 1843 420 1907 uel
440 1843 505 1907 imo
527 1843 639 1908 tollere
661 1844 700 1909 de
721 1845 823 1929 gradu

236 1926 373 1991 Mortale
395 1949 509 2011 corpus
531 1928 582 1991 vel
603 1928 757 2012 superbos

281 2010 415 2075 Vertere
434 2011 599 2075 funeribus
620 2011 815 2097 triumphos,

194 2126 239 2192 Te
260 2149 381 2225 pauper
402 2128 502 2193 ambit
523 2127 661 2192 sollicita
680 2150 774 2213 prece

194 2211 289 2276 Ruris
312 2212 458 2295 colonus,
480 2215 512 2276 te
534 2212 696 2276 dominam
717 2212 877 2296 aequoris,

236 2294 433 2379 Quicumque
453 2295 595 2379 Bithyna
615 2296 745 2360 lacessit
869 2298 871 2301 ’

283 2378 491 2463 Carpathium
510 2380 645 2464 pelagus
667 2379 783 2444 carina.

193 2493 239 2559 Te
260 2493 367 2561 Dacus
390 2518 497 2580 asper,
520 2499 552 2560 te
573 2497 702 2581 profugi
724 2495 876 2579 Scythae,

193 2578 358 2664 Vrbesque
379 2584 554 2665 gentesque
576 2583 609 2644 et
623 2579 750 2644 Latium
771 2580 876 2665 ferox,

236 2662 283 2727 Re
362 2686 423 2748 que
443 2667 562 2728 matres
582 2664 791 2729 barbarorum
813 2666 845 2727 et

369 2748 437 2815 urei
458 2750 606 2812 metuunt
626 2749 771 2832 tyranni,

194 2862 352 2928 Iniurioso
374 2887 415 2930 ne
436 2865 517 2949 pede
537 2886 669 2949 proruas

194 2946 339 3013 Stantem
361 2949 556 3031 columnam,
578 2971 642 3014 neu
662 2949 799 3033 populus
821 2948 970 3033 frequens

235 3031 288 3095 Ad
309 3054 412 3115 arma,
435 3035 594 3097 cessantes
616 3033 656 3097 ad
677 3055 766 3097 arma
1040 3043 1071 3093 15

282 3113 430 3180 Concitet
450 3117 681 3201 imperiumque
702 3117 839 3202 frangat.

193 3228 240 3294 'Pe
261 3252 384 3315 semper
405 3234 488 3298 antit
508 3255 602 3299 saeva
624 3234 839 3320 Necessitas,

193 3312 308 3379 clavos
330 3316 467 3382 trabales
489 3320 522 3382 et
543 3338 660 3383 cuneos
681 3340 778 3382 manu

237 3396 370 3464 (testans
392 3400 509 3484 ahena,
531 3423 591 3467 neo
613 3423 739 3466 severus

280 3482 389 3549 Vncus
411 3487 502 3550 abest
523 3486 738 3569 liquidumque
760 3482 935 3568 plumbum.
