2610 4028
225 185 287 244 1114
602 186 814 249 1111111111
1130 187 1189 259 [111.
1293 218 1294 227 1

291 353 464 438 Octoginta
484 372 586 417 annos
606 353 717 435 natus,
739 351 791 416 cui
813 350 956 437 stragula
976 349 1090 435 vestis,
1293 414 1294 427 ,

289 435 467 502 Blattarum
489 458 526 501 ac
546 436 705 501 tinearum
719 435 840 521 epulae,
864 438 1028 519 putrescat
1048 435 1085 499 in
1098 454 1185 499 area:
1293 452 1294 477 1

226 534 275 584 120
289 520 450 587 Nimirum
469 521 600 586 insanus
621 520 730 618 paucis
751 520 909 603 videatis,
932 540 971 585 ee
992 519 1079 604 quod

135 667 146 685 ,
286 605 427 671 Maxima
447 627 521 690 pers
543 604 709 670 hommum
730 605 842 670 morbo
864 605 1002 670 iactatur
1024 602 1148 669 ecdem
1293 636 1294 675 2

286 688 387 755 Filius
410 694 465 755 aut
486 690 584 755 etiam
604 688 683 754 haec
704 689 837 755 libertus
858 692 895 753 ut
917 688 1026 754 ebibat
1045 687 1155 769 heres,
1293 764 1294 767 Ἴ

286 772 346 839 Dis
367 775 495 840 inimice
517 796 628 855 senex,
651 773 814 839 custodis?
851 773 900 838 Ne
920 772 982 839 tibi
1003 771 1109 837 desit?

287 858 482 935 Quantulum
497 859 583 923 enim
597 878 741 922 summae
756 856 894 923 enitebit
909 857 1042 942 quisque
1055 856 1187 939 dierum,
1293 868 1294 903 l

225 955 274 1006 125
288 941 440 1030 Vnguere
461 943 490 1008 si
511 943 617 1008 caules
638 943 710 1007 oleo
731 942 862 1007 meliore
884 963 922 1006 ea
943 964 966 1006 u
1001 961 1042 1006 ue
1293 948 1294 955 ’

288 1027 440 1113 Coeperis
461 1028 580 1112 inpexa
599 1025 729 1092 foedum
749 964 943 1112 periiginel
1001 1046 1092 1108 nare,

286 1112 321 1178 Si
363 1111 467 1176 uidvis
487 1113 566 1176 satis
588 1113 652 1195 est,
697 1110 831 1194 eriuras,
854 1111 1001 1209 stampis,
1024 1109 1131 1175 aufers

284 1194 340 1261 Vn
364 1195 456 1292 'quei
488 1195 560 1260 Tun
581 1134 700 1260 sanuel
732 1195 892 1281 Populum
914 1194 1088 1267 succedere
1103 1193 1189 1259 saxis

286 1279 426 1364 Incipias
448 1302 594 1345 servosve
614 1283 704 1364 tuos,
726 1300 806 1364 quos
828 1301 900 1344 aere
921 1278 1060 1365 pararis,
1293 1306 1294 1315 ¹

225 1379 275 1427 130
287 1363 442 1429 Insanum
462 1368 495 1429 te
517 1386 627 1430 omnes
648 1364 739 1450 pueri
760 1365 959 1448 clamentque
978 1363 1120 1449 puellae3

288 1448 369 1515 (lum
390 1449 503 1546 laqueo
518 1470 650 1514 uxorem
670 1448 828 1545 inteiimis
843 1452 1039 1532 metumque
1052 1467 1188 1532 veneno,
1293 1478 1294 1497 ¹

285 1532 444 1598 Incolumi
465 1533 569 1617 capite
590 1532 648 1598 es?
685 1531 769 1608 de
790 1532 897 1597 enim?
935 1531 1048 1616 Neque
1068 1534 1106 1596 tu
1126 1529 1189 1596 hec
1293 1572 1294 1585 1

284 1701 355 1768 Nec
375 1701 460 1766 ferro
481 1704 519 1766 ut
539 1702 669 1767 demens
690 1616 984 1786 genetriofelnllsoeil
1001 1701 1008 1714 '
1038 1665 1186 1764 ’Orestes

285 1787 340 1849 An
359 1789 396 1849 tu
416 1786 496 1850 renis
518 1807 590 1850 eum
612 1786 719 1851 oeeim
739 1786 896 1850 insanisse
917 1787 1064 1869 parente,

224 1882 272 1932 135
286 1869 335 1933 Ac
349 1889 418 1933 non
438 1872 513 1933 ante
529 1871 622 1934 malis
644 1870 824 1935 dementem
845 1872 951 1934 aetum
964 1867 1069 1933 Fusiis
1091 1889 1186 1953 quam
1293 1934 1294 1939 ,

284 1951 325 2017 In
345 1953 458 2017 matris
472 1953 589 2038 iugulo
610 1953 730 2020 ferrum
750 1953 903 2039 tepefecit
923 1951 1074 2018 acutum?

285 2036 383 2121 Quin,
406 2059 446 2102 ex
480 2039 555 2101 uest
567 2037 696 2102 habitus
711 2038 794 2102 male
810 2039 898 2102 tutae
911 2036 1029 2102 mentis
1045 2034 1185 2120 Orestes,
1293 2078 1294 2129 p

283 2120 341 2187 Nil
362 2143 439 2187 sane
459 2057 537 2186 lecit
558 2121 643 2207 quod
663 2126 701 2186 tu
720 2121 950 2206 reprehendere
970 2120 1091 2206 possis:

283 2205 360 2271 Non
381 2205 525 2289 Pyladen
544 2206 630 2271 ferro
651 2206 772 2270 violare
793 2228 927 2271 aususve
948 2225 1092 2269 sororem

222 2303 271 2353 140
285 2290 463 2374 Electram,
485 2293 611 2356 tantum
632 2290 795 2355 maledicit
814 2289 940 2374 utrique
960 2288 1106 2353 vocando

283 2374 520 2458 Hananriam,
529 2373 615 2440 hunc
623 2375 719 2458 aliud,
727 2375 820 2439 iussit
830 2373 916 2458 qued
924 2372 1092 2458 splendida
1099 2371 1186 2438 bilis

283 2458 410 2543 Pauper
430 2457 576 2543 Opimius
598 2460 724 2545 argenti
745 2459 843 2543 positi
864 2459 952 2523 intus
974 2460 1008 2521 et
1028 2457 1114 2540 euni,

283 2540 345 2618 Qui
366 2541 579 2606 Veientanum
600 2544 690 2608 festis
711 2546 821 2626 potare
843 2541 953 2607 (liebus

207 2694 210 2702 ,
283 2623 449 2709 Campana
470 2627 583 2691 solitus
603 2628 701 2691 trulla
721 2648 920 2712 vappamque
940 2624 1107 2711 profestis,

220 2722 269 2772 111
284 2708 451 2786 Quondam
472 2710 539 2775 leth
599 2732 618 2775 ο
640 2710 788 2797 grandist
808 2732 827 2775 ο
850 2731 993 2796 pressus,
1014 2713 1052 2772 ut
1072 2708 1167 2773 heres

281 2794 352 2859 Iam
374 2796 493 2860 circum
514 2796 566 2860 loe
600 2817 637 2860 es
659 2798 691 2860 et
711 2796 816 2861 claves
828 2734 940 2859 laetus
962 2814 1125 2876 ovansque
1161 2876 1169 2889 ·

282 2877 440 2945 (lumeret.
466 2877 562 2944 Hunc
573 2879 714 2945 medicus
728 2881 865 2945 multum
880 2879 1067 2962 celeratque
1080 2875 1189 2940 fidehs

280 2961 410 3027 Excitat
430 2962 493 3028 hoc
512 2968 624 3049 pactu:
645 2985 790 3030 mensam
810 2963 890 3049 poni
909 2962 1000 3027 iubet
1019 2963 1115 3044 etque

281 3044 414 3110 Effimdi
434 3067 543 3112 saccos
564 3070 782 3131 nummorum,
805 3047 954 3114 accedere
997 3045 1083 3110 luree

220 3141 269 3191 150
283 3129 336 3194 Ad
345 3130 763 3197 numerandumzhominem
771 3132 937 3219 sicerigit3
989 3129 1036 3195 dit
1045 3132 1079 3194 et
1087 3126 1188 3195 illud:

283 3212 339 3278 ‘Ni
359 3217 416 3278 tua
430 3215 569 3280 custodis
608 3216 717 3281 avidus
737 3218 803 3281 iam
822 3216 902 3282 haee
923 3215 1045 3281 auferet
1065 3212 1189 3278 heres?

283 3297 371 3361 ‘Men
391 3297 500 3362 vivol’
537 3264 697 3364 «11111111
718 3302 836 3420 igitur,t
855 3301 975 3398 vigile
1003 3297 1077 3419 lice
1098 3304 1189 3383 age?

282 3462 451 3529 ‘Deficient
471 3465 600 3549 inopem
620 3487 720 3533 venae
739 3471 788 3553 te,
809 3381 1072 3549 niQtl'lilusniique
