2610 4028
181 196 244 261 174
538 197 765 285 lerrmmvn
1096 194 1147 270 [v.

179 377 214 427 50
243 363 284 428 In
303 384 437 428 vacuum
457 360 581 427 veniae:
602 381 732 445 perraro
752 359 831 425 haec
851 360 922 425 alea
941 359 1034 424 fallit.

243 447 305 523 Qui
325 450 553 512 testamentum
573 445 678 510 madet
696 444 757 509 tibi
779 466 912 528 cumque
933 443 1122 529 legendum,

241 531 392 596 Abnuere
414 535 447 596 et
466 530 591 595 tabulas
613 552 632 594 a
652 532 685 594 te
698 548 861 594 removere
879 530 1056 611 memento,

242 613 295 681 Sic
315 618 439 699 tamen,
461 617 499 678 ut
518 614 604 681 limis
624 613 745 697 rapiee,
767 611 843 697 quid
863 612 967 696 prima
981 609 1122 677 secundo

242 698 324 766 (lere
343 699 422 764 velit
441 720 549 784 vereu3
572 697 659 762 aolus
680 696 831 762 multisne
853 695 999 779 coheres,

178 796 211 847 ot
242 782 355 848 Veloci
375 802 524 868 percurre
545 781 647 847 oculo.
691 781 882 865 Plerumque
902 782 1047 846 recoctus

242 867 353 934 Scriba
374 888 414 932 ex
432 867 512 952 quin
533 865 642 931 ueviro
663 886 793 931 coruum
813 864 941 930 deludet
961 863 1121 950 hiantem,

242 950 459 1049 Captatorque
480 888 570 1015 dalrit
589 950 673 1015 rieua
692 949 812 1015 Nasica
833 948 983 1014 Corano)

242 1035 341 1102 ‘Num
351 1035 453 1100 fune?
465 1056 507 1098 an
517 1033 656 1118 prudens
667 1032 750 1099 ludis
760 1054 812 1099 me
820 1032 955 1099 obscure
962 1032 1143 1098 canendo‘l’

243 1118 282 1184 ‘O
303 1118 484 1202 Laertiade,
507 1117 661 1202 quidquid
683 1118 800 1201 dicem,
826 1117 964 1182 autent
984 1120 1144 1182 autnont

178 1218 212 1268 oo
240 1202 392 1268 Divinare
413 1203 532 1268 etenim
552 1224 585 1267 m
650 1224 689 1268 ue
709 1201 789 1269 mihi
810 1201 910 1267 donat
929 1201 1072 1299 Apollo?

243 1287 338 1363 ‘Quid
357 1291 466 1352 temen
486 1286 549 1351 ieta
570 1309 590 1352 v
625 1286 649 1350 ‘t
670 1286 732 1351 eibi
752 1286 875 1370 fabula,
898 1285 926 1349 si
946 1285 1039 1368 hcet,
1061 1284 1143 1349 ede?

241 1370 409 1457 ‘Tempore
414 1421 423 1456 ,
442 1392 505 1455 quo
519 1370 643 1436 iuvenis
657 1369 783 1435 Parthis
803 1368 981 1435 horrendus
986 1418 997 1452 ,
1019 1368 1061 1433 ab
1076 1368 1144 1433 alto

240 1455 423 1522 Demieeum
444 1476 546 1540 genua
567 1456 692 1538 Aenea,
712 1454 827 1521 tellure
847 1455 990 1537 marique

241 1540 381 1626 Magnus
402 1540 478 1623 erit,
498 1539 576 1604 forti
595 1539 698 1605 nubet
717 1559 850 1622 procera
870 1537 996 1607 Corano

178 1639 211 1688 65
240 1624 323 1689 Filia
340 1623 497 1708 Nasicae,
519 1623 690 1689 metuentis
711 1622 842 1688 reddere
863 1622 998 1688 eoldum.
1051 1635 1053 1638 ’

241 1708 323 1773 Turn
339 1730 439 1793 gener
458 1707 521 1773 hoc
541 1708 652 1773 faciet:
673 1706 799 1771 tabulas
813 1727 923 1772 socero
944 1706 1034 1772 dabit
1047 1709 1144 1791 atque

241 1790 288 1856 Vt
307 1792 396 1889 legat
415 1792 535 1876 orabit3
560 1793 697 1857 multum
716 1789 835 1858 Nasica
855 1793 989 1876 negatae

241 1876 389 1959 Accipiet
408 1875 538 1939 tandem
555 1879 589 1940 et
608 1876 725 1941 tacitus
746 1876 847 1961 leget,
868 1875 1071 1959 invenietque

241 1958 299 2024 Nil
320 1959 382 2025 sibi
403 1960 546 2044 legatum
565 1962 693 2044 praeter
711 1959 837 2043 plorare
859 1959 996 2042 suisque.

179 2057 212 2106 ro
239 2042 323 2109 Illud
345 2043 385 2108 ed
406 2042 485 2108 haec
505 2043 614 2109 iubeo:
635 2043 750 2110 mulier
771 2043 800 2108 ai
821 2042 904 2108 forte
925 2043 1037 2108 dolosa

240 2126 427 2193 libertusve
449 2149 558 2193 senem
580 2126 715 2193 delirum
735 2130 906 2225 temperet3
927 2127 993 2191 illie

241 2211 385 2277 Accedes
407 2212 511 2277 socius
516 2260 527 2295 ,
548 2212 671 2295 leudes,
694 2210 832 2278 laudens
853 2214 891 2275 ut
910 2210 1042 2277 absens:

1298 2052 1299 2063 l

1297 2078 1299 2089 4

240 2295 382 2360 Adiuvat
393 2295 457 2361 hoc
470 2316 610 2380 quoque,
633 2295 690 2361 sed
703 2295 805 2361 vincit
822 2295 920 2380 longe
932 2296 1023 2393 prius
1036 2294 1143 2379 ipsum
1189 2265 1191 2269 ¹
1298 2330 1299 2347 ι

241 2378 435 2465 Expugnare
456 2383 561 2464 ceput
604 2377 730 2446 Scribat
749 2380 834 2444 mala
854 2400 996 2447 carmme
1015 2400 1143 2444 vecors:

178 2477 211 2526 75
239 2462 392 2528 Laudato.
423 2463 587 2529 Scortator
608 2464 682 2529 erit:
705 2484 782 2528 cave
802 2466 835 2528 te
854 2486 892 2528 ro
917 2466 963 2528 et:
984 2464 1070 2528 ultro

241 2546 436 2644 Penelopam
457 2547 560 2612 facilia
581 2548 701 2631 potiori
720 2547 834 2612 trade?
871 2553 881 2582 ‘
931 2551 1037 2632 taene,

240 2630 376 2694 Perducr
395 2631 516 2714 poterit
535 2634 602 2695 tam
623 2631 710 2717 frugi
728 2635 859 2716 tamque
878 2631 1008 2715 pudice,

242 2714 344 2789 Quem
363 2715 513 2798 nequiere
534 2716 624 2799 proci
645 2718 733 2781 recto
755 2715 913 2799 depellere
934 2715 1063 2789 cureul’

242 2797 352 2864 ‘Venit
366 2799 452 2864 enirn
472 2821 626 2885 magnum
647 2799 787 2864 donandi
807 2821 904 2883 parca
924 2799 1087 2883 iuventus,

114 2924 116 2929 ,
178 2896 212 2946 80
239 2882 308 2948 Nec
329 2886 455 2948 tantum
476 2883 611 2948 Veneris
631 2887 788 2967 quantum
810 2883 952 2948 studiosa
971 2884 1113 2948 culinae:

242 2967 295 3030 Sic
315 2967 376 3030 tibi
396 2966 557 3064 Penelope
578 2967 709 3052 hugiet3
731 2988 812 3052 quae
834 2967 863 3032 ei
884 2968 982 3032 semel
998 2989 1068 3032 uno

241 3049 291 3114 De
313 3070 388 3113 sene
408 3053 548 3134 gustant
566 3054 674 3116 tecum
693 3052 813 3135 pertita
833 3051 999 3134 lucellum,

224 3131 288 3197 'Vt
308 3133 396 3198 cenis
417 3155 438 3198 a
458 3135 545 3200 corio
565 3156 741 3219 numquam
761 3134 989 3201 absterrebitur
1009 3138 1117 3200 uncto.

241 3215 411 3302 Mesene,
443 3219 529 3302 quod
554 3219 658 3283 dicam
689 3219 857 3285 factumst:
896 3241 975 3285 anus
1008 3218 1143 3303 inproba

179 3395 212 3444 85
240 3383 292 3448 Ex
311 3387 504 3450 testamento
527 3385 582 3449 sie.
595 3389 645 3450 est
665 3387 763 3451 elata:
786 3303 920 3452 Qasr

241 3465 382 3532 Vnctum
404 3469 475 3533 oleo
497 3470 587 3552 largo
608 3469 703 3535 nudie
724 3472 841 3537 umeris
862 3471 938 3536 tulit
957 3471 1066 3555 hereo,
