2570 4022
518 211 733 270 PRAEFATIO.
973 214 1105 271 XXXVII

138 374 206 452 legi
226 371 348 453 ‘prope’
368 373 402 433 in
424 374 662 453 comparatione.
698 371 763 434 Sed
776 374 822 434 ita
835 374 902 455 ipse
915 373 1063 435 Horatius
1076 393 1104 437 s.

141 476 176 531 ιι,
194 459 223 530 3,
241 457 302 517 268
317 475 385 537 sqq.
408 457 502 518 ‘haec
523 458 621 537 siquis
636 459 826 540 tempestatis
848 479 945 539 prope
960 461 1021 519 ritu
1042 480 1105 520 mo·

140 542 219 601 bilia
246 550 279 601 et
306 561 398 603 caeca
425 541 580 602 fluitantia
605 551 688 603 sorte
715 540 836 603 laboret
864 544 995 605 reddere
1023 552 1107 604 certa
1157 557 1160 562 “

140 625 230 686 sibi’.
272 624 340 685 Neo
360 633 464 686 tamen
486 627 561 686 satis
588 633 661 705 apte
683 625 904 706 eleganterque
930 628 1053 690 admisit
1074 630 1107 688 in

140 710 258 770 melicis
284 709 428 784 Flaccus,
457 709 542 789 quod
568 711 671 790 potius
699 711 880 771 conveniret
905 712 1106 773 sermonibus.

139 795 225 855 Nota
252 802 355 855 autern
381 794 467 855 haud
488 814 588 876 pauca
608 794 753 856 humilius
776 793 859 856 dicta
880 795 973 855 l.11u
1002 798 1105 857 carmi-

142 900 219 939 num
240 880 378 958 reperiri.

208 962 243 1023 O.
259 962 292 1023 S.
308 963 455 1025 21-24.
496 962 540 1023 Hi
561 983 682 1038 versus,
707 964 791 1044 quod
813 965 894 1044 fugit
916 963 1108 1044 diligentiam

139 1047 278 1122 Kelleri,
308 1048 477 1108 afferuntur
498 1068 518 1108 a
538 1048 618 1109 falso
642 1047 812 1109 Censorino
836 1045 903 1129 [pg.
923 1050 965 1108 46
986 1045 1044 1126 Ι,],
1073 1058 1107 1108 ut

140 1132 253 1211 probet
281 1134 446 1195 centesimo
480 1132 596 1194 decimo
625 1152 748 1213 quoque
780 1153 863 1194 anno
892 1134 991 1213 repeti
1017 1132 1107 1192 ludos

140 1217 324 1278 saeculares.
353 1215 404 1277 Ibi
418 1217 586 1277 Vaticanus
599 1216 695 1279 habet
716 1217 823 1279 ‘clara'
830 1241 839 1294 3
861 1217 918 1279 sed
931 1219 1106 1281 Darmesta-

142 1301 261 1363 diensis
282 1301 317 1360 id
337 1302 422 1381 quod
442 1302 535 1381 vulgo
557 1302 656 1363 fertur
677 1302 761 1381 apud
776 1301 939 1363 Horatium
961 1301 1086 1362 ‘claro’.

204 1386 266 1466 Ep.
289 1386 318 1458 2,
342 1387 381 1445 27
401 1388 556 1462 fontesque
576 1390 701 1463 lymphis
723 1388 892 1461 obstrepunt
913 1389 1106 1447 manantibus.

140 1470 217 1531 Fuit
237 1470 292 1550 qui
313 1469 390 1530 haec
418 1469 534 1531 diceret
555 1480 712 1551 corrupta,
740 1471 798 1532 sed
819 1470 928 1532 eadem
948 1490 1029 1551 quae
1050 1491 1107 1531 nos

140 1555 268 1615 videtur
287 1554 401 1634 legisse
423 1554 507 1634 apud
520 1555 685 1616 Horatium
706 1556 803 1617 falsus
826 1554 1030 1629 Censorinus,
1054 1558 1108 1634 qui

140 1640 201 1699 hoo
222 1639 312 1699 affert
325 1639 487 1701 choliambi
509 1640 682 1718 exemplum
702 1640 741 1701 ab
764 1642 831 1719 ipso
845 1648 920 1719 puto
934 1640 1108 1718 profectum

144 1724 331 1803 ductumque
351 1732 387 1783 ut
407 1723 470 1784 alia
492 1723 530 1785 de
551 1723 663 1784 Flacco
687 1720 753 1803 [pg.
770 1720 883 1804 951.]:

297 1805 509 1872 calentibusque
527 1806 640 1872 lympha
658 1806 782 1859 tontibus
800 1820 916 1872 semper.

141 1891 210 1952 Nec
223 1911 301 1952 sane
313 1892 406 1952 video
427 1912 481 1951 our
494 1893 677 1971 recipiamus
698 1894 905 1954 coniecturam
917 1892 1105 1967 Marklandi,

135 1977 335 2055 ingeniosam
357 1976 484 2056 quidem
504 1976 590 2038 illam
611 1977 851 2056 ‘frondesque’.

207 2061 235 2134 5,
259 2061 308 2133 27,
332 2061 371 2120 28
393 2064 494 2120 horret
516 2080 543 2121 c.
565 2069 598 2121 ut
618 2081 655 2121 m.
678 2081 707 2121 a.
730 2079 756 2122 c.
783 2059 941 2124 Ausonius
964 2081 1012 2142 ep.
1028 2081 1105 2135 xxsr,

144 2145 194 2219 11,
219 2146 259 2202 12
283 2144 423 2205 ‘horrens
445 2166 471 2205 c.
493 2166 524 2205 ιι.
546 2165 586 2207 m.
609 2168 639 2219 a.
661 2146 703 2205 e.'

204 2227 247 2288 ib.
271 2228 311 2288 28
325 2230 469 2288 Laurens
489 2247 577 2305 aper,
606 2232 651 2289 ita
676 2231 851 2309 scripsimus
873 2251 943 2290 cum
962 2229 1104 2304 Heinsi0,

65 2358 68 2368 .
141 2313 303 2386 Bentleio,
325 2313 499 2389 Meinekio,
522 2335 553 2373 v.
576 2315 721 2374 ‘currens
743 2314 847 2393 aper'.

205 2396 254 2456 Ib.
271 2398 310 2457 69
332 2402 467 2458 indormit
488 2404 582 2459 unctis
602 2404 726 2459 omnium
747 2400 896 2459 cubitibus.
925 2397 1019 2461 Hunc
1040 2419 1106 2458 rer·

142 2501 209 2540 sum
223 2489 306 2541 recte
320 2490 426 2543 monet
438 2482 584 2544 Kellerus
600 2483 795 2544 obversatum
810 2502 877 2547 esse
891 2482 990 2544 Mario
1005 2482 1107 2543 Plotio

142 2567 196 2643 qui
227 2572 263 2624 ut
294 2566 391 2626 falsus
421 2564 546 2628 Servius
578 2568 736 2648 falsusque
770 2566 958 2628 Censorinus
992 2568 1108 2647 aliique

142 2650 331 2727 grammatici
345 2670 439 2729 saepe
458 2652 599 2731 exempla
612 2661 778 2712 metrorum
793 2672 832 2713 ex
845 2652 1023 2713 Horatianis
1040 2673 1107 2712 var-

142 2732 226 2794 sibus
241 2735 382 2814 proprios
403 2737 438 2794 in
459 2755 532 2795 usus
553 2736 680 2797 detortis
718 2746 816 2797 etant.
844 2736 926 2798 Nam
939 2738 1108 2817 septenarii

143 2816 266 2878 iambici
287 2819 457 2898 specimina
477 2822 567 2899 ponit
587 2821 664 2882 haec
688 2757 755 2901 ὄις.
772 2821 833 2880 274
850 2817 923 2899 Gi:

209 2913 316 2977 δίκαιός
333 2914 411 2968 ἐστιν
429 2915 446 2970 ὁ
463 2916 585 2983 φθόνος,
602 2917 656 2970 τὸν
672 2916 727 2983 γάρ
744 2919 910 2983 φθονοῦντα
928 2918 1024 2975 δάκνει

209 2983 342 3035 indormis
361 2986 468 3037 cunctis
486 2987 606 3037 omnium
624 2985 762 3040 cubilibus
779 2986 918 3054 malignis.

140 3067 205 3129 Vbi
225 3068 423 3132 scribendum
444 3090 511 3132 esse
533 3070 698 3133 ‘indormit
712 3076 813 3134 unctis
831 3106 867 3117 -
883 3075 1054 3154 malignus'
1078 3084 1109 3136 et

141 3173 337 3297 numagorum
358 3175 560 3218 assensuum
573 3159 756 3219 necessitate
778 3169 810 3219 et
823 3158 947 3220 Horatii
968 3161 1107 3238 exemplo

141 3245 230 3297 osten
254 3239 325 3299 itur.

205 3321 253 3381 Ib.
269 3324 308 3383 87
325 3341 437 3385 veneno
450 3347 536 3405 mapa
551 3346 624 3398 non,
641 3330 685 3388 ita
698 3327 863 3409 Hauptius,
886 3328 957 3388 cdd.
973 3327 1108 3387 ‘venena

141 3406 316 3484 magnum’.

209 3493 263 3565 11,
294 3493 348 3565 11,
374 3494 412 3552 12
442 3505 584 3556 contrane
611 3503 727 3557 lucrum
754 3503 796 3557 nil
826 3499 925 3556 valere
954 3499 1107 3555 candidum
