2600 4026
116 219 177 289 m]
508 215 616 272 nens
636 217 685 272 111.

118 380 194 445 Vna
214 379 253 444 de
275 377 385 444 multis
406 377 477 442 fase
498 377 635 462 nuptiali

117 463 226 612 mima
246 464 409 547 periurum
430 461 492 526 fuit
512 462 548 527 in
568 465 732 546 parentem

13 576 14 579 ¹
119 548 164 633 Sp
177 547 290 613 endide
311 545 449 611 mendax
470 548 503 610 et
523 546 559 611 in
580 567 674 611 omne
695 547 787 632 virge

161 631 288 699 Nobilis
310 652 439 714 aarum,

13 812 15 839 Ι
121 749 246 835 ‘Surge’
270 770 351 833 quae
374 748 455 812 dixit
474 748 582 812 iuveni
595 748 726 831 marito,

13 882 15 909 ,
120 833 249 919 ‘Surga
270 855 313 897 ne
333 833 450 916 longuis
470 832 532 897 tibi
553 852 700 916 somnus,
721 832 806 897 unde

119 917 195 983 Non
216 918 326 1001 times,
350 916 455 1002 detur3
478 937 623 982 socerum
646 918 678 981 et
699 917 848 983 scelestes

161 1000 250 1066 Falle
272 1022 411 1085 sorores,

13 1092 15 1127 ζ
121 1119 208 1195 Quae
227 1119 316 1183 velut
336 1122 449 1183 nautae
470 1119 587 1184 vitulos
609 1119 739 1184 leaenae

13 1266 15 1269 ,
121 1203 153 1269 S'
222 1202 272 1267 los
295 1202 376 1268 eheu
397 1203 554 1267 lacerant:
577 1224 638 1288 ego
659 1203 723 1268 illis

119 1286 175 1352 Mo
200 1288 250 1353 ior
269 1308 330 1353 nee
350 1290 384 1351 te
404 1286 516 1359 feriam
537 1309 641 1372 neque
662 1288 748 1352 intra

163 1369 310 1437 Claustra
329 1371 455 1436 tenebo.

119 1488 174 1553 Me
218 1491 286 1553 ater
309 1489 411 1554 saevis
433 1491 544 1553 oneret
566 1490 703 1573 eatenis,

120 1512 216 1649 Quoi
234 1574 303 1637 viro
326 1573 465 1637 clemens
486 1573 603 1637 misero
625 1574 767 1659 peperei3

119 1656 175 1721 Me
195 1657 246 1721 vel
268 1659 425 1721 extremos
446 1655 658 1722 Numidarum
679 1657 714 1722 in
736 1679 832 1745 agros

164 1738 274 1806 Classe
295 1741 424 1826 releget.

13 1938 15 1943 ,
118 1857 152 1941 Ι,
175 1856 271 1942 pedes
293 1880 355 1943 quo
376 1862 410 1923 te
430 1880 467 1923 ru
490 1859 561 1923 iunt
583 1862 615 1923 et
636 1880 746 1944 aurae,

117 1941 207 2007 Dum
227 1943 315 2007 favet
334 1963 400 2007 uer
422 1946 455 2007 et
507 1964 600 2028 enus3
623 1944 634 2007 i
657 1945 795 2009 seeundo

119 2026 251 2109 Omine,
274 2030 307 2090 et
327 2027 430 2091 nostri
451 2047 625 2092 memorem
647 2030 791 2113 sepulcro

163 2106 276 2194 Salpe
297 2111 490 2195 querellam!

524 2200 676 2210 -n—-n-—a

556 2285 635 2359 XII.

13 2452 14 2461 ,
117 2399 342 2465 Miserarumst
359 2421 463 2483 neque
478 2401 579 2464 amori
599 2399 674 2463 dare
694 2398 804 2463 ludum
817 2420 923 2483 neque
942 2399 1027 2464 dulei
1043 2400 1048 2487 Ι

116 2484 206 2547 mala
226 2483 301 2548 vino
323 2484 428 2549 lavere
443 2487 499 2548 aut
515 2484 689 2549 exanimari
704 2486 880 2549 metuentes
897 2482 901 2570 1
918 2488 1051 2567 patruae

117 2568 253 2632 verbera
273 2567 412 2665 linguae.

117 2684 194 2749 Tibi
216 2685 346 2769 qualum
363 2684 535 2770 Cythereae
549 2706 629 2770 puer
643 2686 723 2771 ales,
745 2687 805 2750 tibi
821 2686 1052 2833 telasssuopero·

13 2850 15 2863 Ι
118 2791 237 2867 sueque
255 2769 416 2868 Minervae
438 2770 577 2835 studium
599 2770 703 2835 aufert
722 2770 889 2856 Neobulet
932 2771 1052 2854 1paraai

117 2856 209 2918 mter
228 2852 344 2938 Hebrr,

13 3016 14 3019 κ
117 2970 225 3036 Simul
238 2974 352 3036 unetos
364 2971 520 3037 Tiberinis
532 2995 657 3038 umeros
673 2973 750 3037 lavit
762 2974 796 3036 in
807 2971 916 3055 undis,
933 2970 937 3057 t
955 2993 1051 3056 eques

13 3050 15 3073 ³
116 3056 192 3139 ipso
225 3055 339 3120 melior
363 3055 610 3140 Bellerophonte
616 3056 640 3141 ,'
659 3078 762 3140 neque
791 3077 900 3142 pugne
923 3052 927 3141 Ι
948 3077 1052 3138 neque

116 3138 217 3223 segni
236 3138 316 3222 pede
338 3138 453 3222 viatus,

115 3256 223 3339 ¹Catus
250 3255 333 3319 idem
358 3276 417 3338 per
438 3258 582 3340 apertum
609 3258 769 3344 fugientes
792 3259 912 3343 agitato
930 3258 934 3344 Ι
949 3280 1048 3344 grege
1069 3276 1088 3319 4

13 3386 15 3437 3
115 3360 233 3436 uersos
260 3339 390 3403 iaculari
417 3343 450 3405 et
476 3342 559 3406 eeler
585 3345 653 3407 arte
680 3342 883 3426 latitantem!
902 3341 1050 3439 fruticeto

13 3470 15 3477 s
115 3442 266 3506 exerpere
287 3444 408 3507 aprum.

526 3541 678 3549 -o--a--n

170 3592 292 3633 Humum
527 3616 529 3623 ,
917 3601 934 3647 5
