2600 4026
527 203 636 259 LIBER
656 204 691 261 H.

219 367 288 433 Nec
310 388 421 433 saevos
442 366 650 450 Lapithaaet
669 366 803 431 nimium
826 387 913 432 mero

219 452 378 536 Hylaeum
399 451 599 535 domitosque
620 450 778 516 Herculea
798 473 895 516 manu

221 535 357 601 Telluris
379 535 522 619 iuvenes,
544 535 629 601 unde
710 535 827 599 'culum

266 619 408 705 Fulgena
430 620 622 685 contremuit
667 640 757 684 omus

221 737 351 804 Saturni
372 737 502 803 veteris:
534 739 571 803 tu
592 759 633 802 ue
676 736 853 802 edestribua

220 819 317 887 Dieea
338 820 481 887 historiis
505 843 584 906 prce
599 822 628 886 'a
649 759 809 906 iiaeeeris,

220 904 404 989 Maecenas,
426 906 539 971 melius
561 906 716 990 ductaque
737 927 796 991 per
816 906 883 971 viae

266 989 391 1077 Regum
414 990 497 1055 colla
516 990 700 1055 minacium.

221 1106 276 1174 Me
298 1108 406 1174 dulces
428 1107 575 1174 dominae
596 1106 690 1173 Musa
711 1107 894 1192 Licymniae

222 1191 343 1258 Cantus
349 1242 359 1276 ‚
381 1213 432 1256 me
453 1192 556 1257 voluit
577 1191 681 1257 dicere
702 1192 842 1258 lucidum

219 1275 395 1425 dirigentes
417 1276 526 1343 oculos
548 1279 581 1342 et
600 1276 682 1373 bene
703 1276 821 1342 mutuis

294 1361 382 1426 idum
402 1364 513 1445 peetus
536 1359 711 1446 amonbus3

221 1478 324 1556 Quam
345 1500 405 1544 nec
426 1478 508 1544 ferre
530 1478 643 1564 pedem
665 1477 811 1543 dedecuit
831 1477 936 1544 choria

220 1562 291 1629 Nec
313 1566 433 1629 certare
454 1563 524 1628 ioco
546 1583 607 1627 nec
629 1562 703 1627 dare
725 1561 854 1626 brachia

220 1646 398 1713 Ludentem
419 1647 529 1712 nitidis
551 1646 729 1732 virginibus
752 1668 841 1712 sacro

268 1730 391 1797 Dianae
413 1731 546 1797 celebris
569 1731 629 1797 die.

221 1848 309 1915 Num
330 1851 366 1913 tu
387 1871 466 1933 quae
489 1849 592 1914 tenuit
613 1848 701 1914 dives
722 1847 942 1915 Achaemenes

221 1934 291 1998 Aut
310 1934 439 2019 pinguia
460 1932 618 2019 Phrygiae
638 1933 829 2019 Mygdonias
851 1955 928 2020 opes

221 2016 405 2082 Permutere
427 2018 506 2083 velia
529 2018 615 2083 crine
636 2017 834 2102 Licymniae,

269 2101 384 2167 Plenas
407 2105 463 2167 eut
482 2101 626 2167 Arabum
648 2100 773 2186 domos,

221 2217 309 2283 Dum
328 2219 497 2306 flagrantia
518 2219 685 2303 detorquet
705 2218 746 2283 ad
767 2220 875 2284 oscula

223 2299 401 2388 cervicem,
424 2307 480 2369 aut
500 2303 589 2369 facili
610 2302 741 2368 saevitia
760 2307 873 2388 negat,

222 2385 311 2463 Quee
333 2392 486 2472 poscente
506 2387 609 2474 megia
631 2386 768 2472 gaudeat
789 2388 884 2471 eripi,

268 2470 433 2537 Interdum
454 2493 564 2557 rapere
586 2476 728 2556 occupet.

521 2619 673 2628 ...ψ-...ᾳ

546 2716 766 2805 ΧΠ,

17 2860 19 2939 f
138 2857 142 2861 “
221 2858 284 2925 Ille
305 2864 338 2925 et
356 2860 483 2926 nefasto
504 2864 538 2925 te
559 2861 667 2944 posuit
688 2860 754 2944 die,

223 2943 421 3029 Quicumque
441 2945 595 3028 primunr,
619 2947 651 3010 et
672 2946 827 3031 sacrilega
847 2967 944 3012 manu

269 3026 439 3127 Produxit3
462 3030 571 3114 arbos,
593 3030 628 3093 in
649 3031 802 3114 nepotum

310 3112 488 3179 Permerem
510 3113 777 3198 opprobriumque
799 3115 890 3200 pagi5

219 3229 319 3296 Illum
340 3232 373 3296 et
393 3232 534 3317 parentis
556 3232 743 3297 crediderim
765 3232 815 3296 aui

220 3313 265 3380 Fr
309 3314 370 3380 'sae
392 3316 546 3381 cervicem
568 3319 601 3381 et
621 3315 796 3401 penetralia

293 3399 430 3482 persicae
451 3404 608 3465 nocturno
630 3422 742 3465 cruore

309 3482 472 3569 Hospitis5
494 3484 549 3549 ille
571 3505 693 3549 venene
715 3482 835 3550 Colcha

1063 378 1080 428 t

1066 3242 1082 3292 t
