2610 4028
125 213 171 288 [1.]
407 211 620 268 simulavit
640 213 748 269 11111
769 214 804 270 11.
829 154 830 167 Ν
1031 205 1092 272 155

125 376 244 442 Castor
265 374 384 460 gaudet
405 376 509 458 equis,
532 396 592 440 ovo
614 377 790 461 prognatus
813 374 924 443 eodem

125 460 267 609 §pipin
289 462 367 542 quot
387 460 528 543 capitum
548 459 674 541 vivunt,
696 458 830 526 totidem
852 457 1029 523 studiorum

23 596 24 603 ,
165 545 197 559 ”
225 567 233 608 :
255 564 307 607 me
328 543 462 628 pedibus
484 542 622 608 delectat
643 542 787 609 claudere
808 542 906 608 verba

127 628 231 693 Lucili
252 628 331 709 ritu,
352 630 499 692 nostrum
519 627 661 692 melioris
681 629 825 711 utroque.

126 710 187 778 Ille
208 712 296 776 velut
316 711 389 775 fidis
410 733 527 776 arcana
548 711 712 775 sodalibus
737 711 814 775 olim
1060 721 1093 774 30

127 795 289 862 Credebat
308 795 414 878 libris,
434 816 539 880 neque
561 795 589 859 si
609 795 692 860 mele
715 798 854 860 cesserat
874 815 1009 878 usquam

127 879 309 945 Decurrens
328 880 408 962 alio,
430 899 534 977 neque
548 879 577 943 si
597 880 693 944 bene:
716 899 779 962 quo
801 879 852 962 fit,
874 882 912 944 ut
926 880 1030 944 omnis

128 964 248 1029 Votiva
268 965 376 1047 pateat
397 963 496 1028 vclutr
518 963 678 1048 descripta
698 963 818 1029 tabella

128 1048 207 1113 Vita
234 1048 329 1113 senis.
372 1046 495 1132 Sequor
521 1045 621 1130 hunc,
649 1046 796 1112 Lucanus
823 1070 864 1112 an
888 1047 1029 1133 Apulus,

738 1153 871 1217 anceps:

23 1238 25 1257 ³
129 1217 214 1282 Nam
227 1216 411 1282 Venusinus
425 1219 495 1280 1111
508 1215 605 1281 finem
622 1216 680 1280 sub
697 1218 866 1301 utrumque
881 1217 1028 1299 colonus,
1061 1228 1094 1278 35

23 1314 24 1321 ’
129 1301 248 1366 Missus
262 1300 378 1365 adhoc
398 1299 515 1384 pulsis,
538 1302 629 1364 vetus
643 1304 693 1364 est
706 1300 855 1383 1111111,
879 1300 1029 1382 Sabellis,
1147 1370 1152 1389 Χ

23 1392 25 1403 ’
128 1385 200 1465 Quo
222 1406 264 1449 111
284 1405 497 1469 pervacuum
518 1383 664 1449 Romano
685 1385 861 1449 incurreret
881 1383 998 1466 hostis,

130 1469 203 1535 Sive
225 1468 311 1552 quod
331 1469 440 1616 Apula
460 1489 540 1553 gens
563 1490 618 1532 seu
640 1467 726 1551 quod
747 1467 888 1533 Lucania
909 1468 1028 1533 bellum

130 1553 293 1618 incuteret
305 1553 357 1617 vio
371 1555 454 1618 enta.
492 1551 555 1617 Sed
568 1550 622 1616 hic
636 1552 728 1616 stilus
742 1551 826 1616 haud
843 1554 933 1636 petet
946 1552 1030 1615 ultro

130 1637 328 1722 Quemquam
339 1636 545 1720 animantem,
560 1639 593 1700 et
602 1657 653 1701 me
664 1635 761 1701 veluti
778 1634 936 1701 custodiet
947 1635 1031 1700 ensis
1060 1649 1094 1697 40
1131 1721 1133 1735 .

23 1716 25 1799 1
129 1722 258 1807 Vagina
278 1725 396 1787 tectus:
424 1742 519 1805 quem
540 1742 597 1785 cur
618 1720 815 1806 destn'ngere
837 1741 934 1786 coner

23 1804 30 1897 ξ
130 1806 231 1872 Tutus
254 1806 295 1871 ab
316 1805 440 1870 infestis
462 1804 664 1884 latronibus?
708 1803 735 1869 0
758 1809 848 1903 pater
870 1808 903 1869 et
923 1825 979 1870 rex

130 1890 289 1987 Iuppiter,
311 1892 348 1954 ut
368 1892 479 1974 pereat
498 1889 639 1973 positum
660 1889 808 1986 robigine
828 1889 945 1972 telum,

131 1975 200 2040 Nee
222 1995 389 2059 qmsquam
402 1976 518 2039 noceat
533 1974 647 2072 cupido
661 1973 742 2038 mihi
762 1974 864 2058 pacisl
893 1974 940 2037 At
961 1973 1030 2056 ille,

131 2059 193 2135 oui
215 2080 266 2124 me
288 2059 447 2123 conmorit
481 2058 595 2125 melius
616 2079 683 2122 non
703 2061 855 2143 tangere,
877 2058 1010 2142 clamo),
1061 2069 1095 2119 11

130 2143 238 2209 Flebit
258 2147 291 2207 et
311 2142 449 2228 insignis
468 2057 540 2206 tota
561 2141 742 2206 cantabitur
762 2142 851 2205 urbe.

131 2226 264 2294 Cervius
285 2227 385 2291 iratus
407 2226 495 2311 leges
516 2226 682 2290 minitatur
703 2228 736 2290 11
756 2247 885 2307 urnam,

23 2322 25 2395 1
131 2312 267 2378 Canidia
287 2311 415 2394 Albuti,
438 2310 553 2394 quibus
575 2313 625 2375 est
644 2309 789 2392 inimica,
812 2329 985 2391 venenum,

132 2397 262 2461 Grande
282 2396 402 2460 malum
422 2393 551 2479 lbnius,
574 2393 679 2478 siquid
701 2415 735 2459 se
757 2393 859 2459 iudice
881 2396 993 2458 certes.

330 2479 337 2492 0

131 2480 178 2545 Vt
198 2500 262 2565 quo
285 2501 416 2626 ‹Lmsque
436 2479 523 2544 velet
544 2480 707 2562 suspectos
728 2481 862 2563 terreat,
883 2481 981 2562 utque
1062 2488 1097 2539 50

23 2720 24 2743 ,
131 2565 361 2731 Ildlddttdtpus,
384 2669 484 2713 cornu
504 2650 615 2712 taurus
629 2647 724 2731 petit:
746 2646 846 2730 unde,
861 2647 924 2712 nisi
945 2648 1032 2710 intus

23 2756 25 2779 ὲ
132 2732 370 2798 Monstratum?
414 2731 551 2805 Scaevae
571 2731 714 2796 vivacem
735 2730 827 2795 crede
848 2731 959 2827 nepoti

318 2584 356 2628 oc
376 2565 490 2629 11111111
497 2565 626 2646 npotens
632 2609 641 2646 ,
664 2562 710 2627 sic
732 2563 848 2648 collige
868 2583 1003 2628 meeum.

23 2822 24 2885 3
131 2817 284 2881 Matrem:
306 2816 353 2879 nil
374 2815 471 2880 faciet
492 2815 619 2880 sceleris
641 2815 695 2899 pia
717 2814 845 2879 dextera
868 2814 1010 2899 (mirum,

131 2900 177 2967 Vt
191 2922 295 2985 neque
308 2900 395 2964 calce
409 2900 503 2983 lupus
523 2920 714 2983 quemquam
727 2919 830 3068 11111131
844 2898 938 2962 dente
952 2897 1034 2981 petit
1063 2910 1096 2959 55

763 3004 799 3047 os
821 3007 829 3067 3

23 3075 25 3151 ζ
132 3070 196 3136 Sed
217 3070 301 3135 mela
321 3069 415 3134 tollet
435 3090 532 3134 anum
553 3068 665 3133 vitiato
686 3067 781 3132 melle
803 3067 916 3132 cicuta

23 3164 24 3169 ’
131 3154 183 3220 Ne
204 3156 339 3240 longum
360 3153 491 3218 faciam:
514 3174 570 3216 seu
590 3174 642 3217 me
662 3152 835 3235 tranquilla
856 3154 1001 3217 senectus

23 3286 24 3289 ,
132 3239 308 3322 Exspectat
329 3259 385 3302 seu
405 3257 492 3302 mors
515 3236 592 3301 atris
614 3236 822 3301 circumvolat
843 3236 917 3318 alis,

23 3390 24 3393 ,
132 3321 246 3406 Dives,
266 3322 376 3405 inops,
397 3320 533 3403 Rornae,
557 3341 613 3385 seu
631 3320 699 3385 fors
720 3321 766 3384 ita
779 3319 907 3384 iusserit
929 3318 1032 3400 exsul,

23 3412 24 3415 ’
134 3406 283 3491 Quisquis
299 3406 360 3469 1111
373 3406 457 3470 ritae
472 3405 609 3470 scribam
625 3405 734 3469 color?
761 3402 801 3468 ‘0
823 3423 917 3486 puer,
939 3406 976 3466 ut
990 3403 1034 3466 sis
1063 3415 1097 3464 60
1179 3438 1181 3445 ,

132 3488 249 3556 Vitelis
270 3493 378 3555 metuo
384 3539 393 3575 ,
416 3493 449 3554 et
469 3490 624 3554 maiorum
645 3489 758 3572 nequis
779 3487 899 3551 amicus
