2610 4028
163 212 227 286 111]
575 209 682 265 unua
704 209 726 266 1
1068 198 1129 265 133

165 375 343 441 Nobiscum
363 373 457 456 vivit,
479 373 615 439 multum
637 371 791 437 demissus
812 371 925 455 hom‚0;
947 370 997 436 illi

166 459 270 524 Tarde
293 479 474 545 cognomen
494 458 608 542 pingui
629 457 750 522 damus.
793 455 856 520 Hie
877 456 963 542 fugit
983 475 1094 520 omnes

165 543 304 608 Insidias
324 543 469 626 nullique
489 541 574 606 mulo
596 540 679 605 latus
702 539 792 606 obdit
812 543 972 625 apertum3

167 626 248 693 Cum
269 649 371 713 genus
392 625 455 691 hoc
476 626 560 690 inter
581 625 664 690 vitae
685 646 860 708 versemur,
882 624 937 689 ubi
958 624 1039 690 acris
1097 634 1130 684 60

165 711 292 776 invidia
313 714 407 796 atque
428 710 540 795 vigent
560 709 615 773 ubi
635 708 782 774 crimina:
804 729 863 793 pro
884 709 967 774 bene
988 728 1067 772 sono

166 797 215 860 Ae
235 816 304 860 non
324 795 453 860 incauto
474 794 585 858 fictum
606 796 807 878 astutumque
828 813 987 858 vocamus.

167 878 350 963 Simplicior
364 879 434 962 quis
449 881 482 942 et
495 881 558 960 est,
581 877 707 961 qualem
720 899 772 942 me
787 898 881 962 saepe
900 877 1069 960 †libenter

167 963 347 1028 Obtulerim
368 962 443 1045 tibi,
464 960 646 1046 Maecenas,
668 965 706 1027 ut
726 962 809 1027 forte
830 962 991 1048 legentem

166 1048 234 1112 Aut
254 1048 388 1112 tacitum
408 1045 544 1129 inpellet
565 1044 676 1129 quovis
699 1066 860 1111 sermone:
886 1046 1065 1112 ‘molestusl
1097 1059 1131 1110 65

168 1130 339 1197 Communi
360 1152 455 1196 sensu
475 1130 570 1214 plane
592 1132 689 1195 caret'
711 1130 881 1214 inquimus.
925 1130 1032 1214 Eheu,

61 1241 66 1249 ‘
168 1215 271 1291 Quam
290 1219 409 1280 temere
423 1215 458 1278 in
472 1217 599 1279 nosmet
619 1214 724 1300 legem
742 1216 901 1280 sancimus
915 1216 1067 1299 iniquam.

166 1298 254 1365 Nam
274 1299 361 1365 vitiis
381 1319 477 1363 nemo
499 1299 569 1363 sine
588 1300 743 1364 nascitur·
766 1300 907 1383 optimus
927 1299 1028 1382 illest,

169 1383 230 1459 Qui
243 1383 385 1449 minimis
399 1385 561 1468 urguetur.
581 1383 713 1448 Amicus
728 1349 839 1467 dulcis,
854 1388 891 1448 ut
901 1405 938 1449 ae
960 1386 1076 1468 uumst,

168 1466 251 1533 Cum
271 1489 343 1532 mea
364 1470 538 1551 conpenset
558 1466 644 1532 vitiis
665 1468 764 1546 bona,
787 1464 931 1551 pluribus
975 1468 1054 1552 isce,
1098 1480 1132 1530 το

169 1550 203 1616 Si
224 1551 320 1615 modo
364 1551 434 1616 lure
453 1549 533 1615 mihi
554 1551 751 1635 bonosum,
774 1551 922 1635 inclinet,
948 1552 1048 1617 amari

169 1635 203 1701 si
225 1635 327 1701 volet:
341 1574 409 1700 irae
424 1635 502 1720 lege
523 1635 558 1701 in
577 1636 701 1701 trutina
720 1639 858 1720 ponetur
879 1636 998 1700 eudem.
1075 1636 1077 1638 ’

160 1719 245 1802 uu,
267 1741 309 1784 ne
329 1719 494 1784 tuberibus
514 1721 653 1804 propriis
675 1719 817 1785 offendat
837 1720 990 1804 amicum,

167 1803 329 1888 Postulat,
349 1803 496 1888 ignoscet
516 1805 655 1869 verrucis
676 1804 780 1869 illius:
803 1809 969 1890 aequumst

167 1887 312 1953 Peccatis
332 1886 459 1953 veniam
479 1892 665 1971 poscentem
686 1889 817 1955 reddere
837 1911 955 1955 rursus.
1099 1902 1132 1953 75

167 1969 328 2057 Denique,
351 1975 506 2055 quatenus
528 1973 630 2037 excidi
651 1974 778 2057 penitus
799 1975 912 2041 vitium
933 1974 1014 2058 irae,

167 2053 283 2120 Cetera
301 2057 381 2120 item
400 2077 424 2120 n
464 2060 563 2123 ueunt
583 2057 689 2125 stultis
710 2057 888 2142 haerentia,
911 2081 967 2124 cur
986 2080 1054 2124 non
1088 2071 1094 2083 ·

166 2138 366 2204 Ponderibus
387 2077 586 2224 mddulisque
608 2141 672 2205 suis
693 2142 775 2205 ratio
797 2143 912 2225 utitur,
937 2164 974 2206 ac
995 2165 1046 2209 res

167 2222 214 2289 Vt
235 2227 421 2320 quaequest‚
443 2226 489 2289 ita
510 2225 674 2309 suppliciis
696 2225 812 2290 delicta
834 2225 1003 2290 cohercet?

168 2305 274 2390 Siquis
296 2329 369 2373 eum
390 2328 529 2390 servum,
550 2309 694 2393 patinam
714 2310 769 2393 qui
789 2311 903 2374 tollere
923 2311 1028 2375 iussus
1097 2324 1135 2374 so

168 2389 313 2459 semesos
334 2392 440 2476 pisces
459 2392 664 2477 tepidumque
686 2393 860 2478 ligurrierit
880 2395 946 2479 ius,

166 2474 207 2539 In
230 2497 321 2540 cruce
343 2477 490 2562 suffigat:
522 2477 670 2542 Labeone
690 2479 833 2544 insanior
854 2479 938 2544 inter

168 2557 270 2624 Sanos
292 2560 425 2625 dicatur.
469 2560 595 2638 Quanto
616 2560 679 2627 hoc
699 2562 850 2628 furiosius
872 2567 966 2649 atque

165 2641 271 2708 Maius
292 2647 502 2727 peccatumst:
524 2645 666 2730 paullum
687 2647 822 2732 deliquit
841 2649 977 2731 amicus,

166 2726 261 2804 Quod
280 2728 344 2793 nisi
366 2729 536 2812 concedas,
557 2728 694 2799 habeare
715 2732 870 2815 insuavis,
893 2734 1040 2799 acerbus:
1096 2746 1129 2796 85

166 2809 272 2877 Odisti
293 2814 326 2878 et
347 2812 434 2898 fugis
446 2816 492 2878 lut
512 2813 674 2880 Rusonem
696 2815 822 2881 debitor
843 2817 939 2901 aeris,

165 2894 228 2970 Qui
249 2895 328 2980 nisi,
352 2918 424 2961 curn
438 2897 546 2964 tristes
567 2900 682 2964 misero
704 2920 818 2965 venere
840 2898 1012 2985 delendae,

163 2977 344 3045 Mercedem
359 2983 415 3053 eut
427 3002 575 3047 nummos
588 2983 672 3048 unde
686 2983 770 3049 unde
781 2985 915 3051 extricet
944 3007 1065 3051 amaras

163 3062 316 3160 Porrecto
328 3065 349 3161 'i
428 3085 447 3129 o
468 3065 618 3132 historias
640 3069 784 3152 captivus
805 3073 842 3134 ut
862 3035 961 3136 cudit.

164 3144 352 3213 Oonmmxrt
386 3152 491 3215 ectum
511 3154 607 3234 potus
628 3174 777 3218 mensore
799 3155 942 3220 catillum
1094 3168 1129 3218 90

162 3228 307 3296 Euandri
327 3234 474 3300 manibus
495 3235 606 3299 tritum
627 3236 756 3302 deiecit:
779 3238 820 3302 ob
842 3238 926 3304 hunc
946 3261 1029 3323 rem,

161 3315 231 3380 Aut
251 3316 393 3399 positum
407 3321 481 3383 ante
495 3341 567 3383 mea
580 3320 656 3404 quia
675 3321 799 3404 pullum
813 3322 849 3386 in
862 3330 952 3406 perte
967 3323 1065 3387 catini

163 3395 300 3464 Sustulit
321 3402 477 3486 esuriens,
499 3404 604 3468 minus
625 3403 687 3469 hoc
709 3405 863 3471 iucundus
886 3407 1005 3471 amicus

162 3479 213 3547 Sit
233 3482 335 3549 mihi?
365 3485 448 3563 Quid
468 3487 598 3573 faciam,
622 3489 650 3554 si
670 3490 791 3554 furtum
812 3490 937 3576 fecerit,
960 3494 1015 3555 cut
1035 3490 1064 3555 si
