2600 4026
575 483 619 559 V.

218 614 371 681 Nondum
392 616 522 681 subacta
542 616 625 681 ferre
646 616 756 702 iugum
777 617 861 682 valet

220 699 364 785 Oervica,
385 701 529 765 nondum
550 701 660 765 munia
680 700 826 785 conparis

271 785 303 849 A
343 806 418 850 nare
438 806 499 850 nec
520 785 604 850 tauri
624 785 746 850 ruentis

383 890 532 934 venerem
552 869 689 933 tolerare
710 869 845 955 pondus.

221 1002 314 1069 Circa
333 1003 472 1069 virentes
494 1007 544 1069 est
564 1004 688 1069 animus
710 1007 794 1084 tuae⁴

221 1086 358 1172 Campos
379 1087 546 1172 iuvencae,
567 1110 653 1153 nunc
674 1088 778 1153 fluviis
799 1108 930 1173 gravem

274 1172 414 1238 Solantis
436 1176 572 1257 aestum,
594 1174 736 1238 nuncin
757 1173 820 1237 udo

322 1256 444 1321 Ludere
466 1278 539 1321 cnm
560 1257 668 1322 vitulis
690 1257 801 1322 salicto

221 1391 477 1477 Praegestientis.
522 1390 613 1456 Tolle
635 1392 816 1476 cupidinem

221 1475 349 1541 Inmitis
370 1498 465 1541 uvae:
487 1475 552 1540 iam
573 1475 633 1541 tibi
655 1476 769 1540 lividos
1052 1488 1084 1535 10

273 1559 460 1645 Distinguet
484 1564 653 1625 autumnus
675 1581 817 1625 racemos

323 1644 486 1729 Purpureo
507 1644 613 1709 varius
635 1645 750 1710 colore.

220 1778 289 1844 Iam
309 1781 342 1843 te
363 1800 397 1844 se
420 1782 527 1844 uetur:
550 1780 649 1844 currit
670 1779 755 1844 enim
776 1780 867 1845 ferox

219 1863 319 1928 Aetas
339 1863 401 1927 et'
431 1863 455 1946 '‚
477 1884 557 1947 quos
578 1863 639 1928 tibi
659 1863 822 1947 demserit‚
1207 1924 1208 1927 ,
1244 1930 1247 1933 .
1284 1918 1285 1921 ,

273 1946 326 2012 Ad
349 1950 425 2012 onet
445 1968 560 2032 annos3
583 1948 647 2012 iam
667 1951 815 2033 proterva
1052 1961 1084 2009 15
1213 2022 1215 2025 v
1283 1950 1285 1953 ’

368 2034 443 2096 onte
463 2035 552 2116 petet
572 2031 690 2118 Lalage
711 2034 875 2116 maritum,

220 2163 346 2233 Dilecta
387 2168 540 2250 quantum
560 2188 628 2231 non
648 2165 770 2232 Pholoe
790 2167 902 2253 fugax,

221 2249 297 2315 Non
318 2215 460 2334 Odloris,
482 2250 555 2316 albo
578 2251 624 2315 sic
644 2272 755 2315 umero
776 2252 896 2334 nitens,

274 2331 320 2398 Ut
361 2356 420 2398 ure
439 2338 596 2399 nocturno
617 2333 742 2400 renidet

351 2440 416 2483 una
436 2419 516 2482 mari
539 2417 710 2485 Cnidiusve
733 2418 855 2504 Gyges,
1050 2433 1085 2483 20

222 2551 323 2629 Quem
345 2552 372 2617 si
393 2553 569 2638 puellarum
591 2554 746 2619 insereres
769 2553 881 2639 choro,

221 2635 302 2701 Mire
324 2656 453 2723 sagaces
475 2637 601 2703 falleret
620 2637 764 2723 hospites

275 2718 456 2785 Discrimen
478 2722 647 2787 obscurum
669 2724 782 2789 solutis

326 2804 474 2871 Crinibus
497 2806 708 2892 ambiguoque
730 2807 828 2872 voltu.

469 3184 473 3189 ·
569 3147 630 3221 VI.

222 3275 371 3362 Septimi,
394 3278 498 3344 Gades
520 3278 641 3343 aditure
662 3298 787 3343 mecum
809 3281 841 3343 et

223 3360 415 3427 Cantabrum
437 3362 601 3428 indoctum
622 3363 698 3447 iuga
718 3363 801 3426 ferre
822 3365 932 3428 nostra
954 3367 987 3428 et
1120 3430 1121 3433 ,
1166 3370 1176 3439 ᾗ,

222 3447 378 3511 Barbaras
400 3448 524 3531 Syrtes,
550 3446 605 3511 ubi
626 3446 738 3510 Maura
759 3466 883 3530 semper
1212 3446 1286 3507 serf„-

277 3531 411 3596 Aestuat
432 3531 531 3613 unda,
