2558 4022
110 257 157 330 1.]
522 257 629 312 nene
650 257 686 314 11.
1010 246 1074 313 225

111 419 218 485 Verba
239 419 327 503 lyrae
348 419 474 484 motura
495 439 610 484 sonum
632 422 796 485 conectere
818 417 954 504 digner?

111 503 223 571 Frater
244 507 312 568 erat
332 501 454 568 Romae
476 504 614 568 consulti
635 502 758 586 rhetor,
780 506 847 586 'sut
868 503 948 568 alter

115 588 252 653 Alterius
275 607 421 652 sermone
442 609 545 652 meros
567 587 691 652 audiret
711 587 864 670 honores,
886 642 887 646 ,

113 671 275 738 Gracchus
296 675 333 737 ut
353 671 406 737 hie
427 671 492 752 illi,
515 670 599 737 foret
620 671 695 737 huic
715 674 752 737 ut
773 671 896 736 Mucius
918 670 981 735 ille.

112 756 173 833 Qui
195 755 302 820 minus
323 759 454 841 argutos
474 760 570 821 vexat
590 756 678 821 furor
699 755 758 821 iste
824 755 913 820 etas?
1041 766 1077 816 eo

113 840 263 908 Carmina
283 860 447 924 conpone,
469 839 522 905 hic
544 841 661 926 elegos.
705 839 788 905 Mira
810 840 852 905 ile
873 839 942 904 visu

113 923 339 1009 Caelatnmque
349 945 465 990 novem
476 924 577 990 Musis
588 932 683 1010 opus!
710 924 850 1022 Adspice
863 924 1012 1008 primum,

112 1008 240 1086 Quanto
262 1029 334 1075 cum
355 1008 455 1092 fastu,
475 1012 597 1159 guanto
619 1010 784 1074 molimme
805 1009 924 1073 circum

113 1093 135 1159 S
177 1096 298 1159 ctemus
320 1113 453 1159 vacuam
505 1094 629 1158 omanis
650 1093 775 1158 vatibus
798 1092 922 1177 aedem3

148 1177 311 1260 oratiam,
334 1178 361 1241 si
382 1177 466 1243 forte
487 1199 590 1262 vacas,
613 1198 744 1262 sequere
759 1181 792 1243 et
804 1177 916 1262 procul
938 1175 1020 1259 audi,
1043 1187 1077 1238 91

114 1261 197 1338 Quid
218 1262 301 1326 ferat
322 1265 354 1326 et
375 1282 472 1345 quare
494 1262 556 1327 sibi
569 1266 678 1327 nectat
698 1266 830 1346 uterque
851 1281 1012 1327 coronam.

113 1345 284 1412 Caedimur
305 1348 338 1411 et
356 1346 491 1411 totidem
512 1347 618 1432 plagis
640 1348 856 1412 consumimus
876 1345 1003 1410 hostem

112 1430 215 1496 Lento
238 1429 395 1495 Samnites
417 1430 457 1495 ed
479 1430 602 1496 lumina
622 1432 726 1515 prima
747 1429 863 1495 duello.

115 1513 253 1580 Discedo
275 1514 411 1579 Alcaeus
433 1517 551 1599 puncto
574 1515 675 1600 illius3
697 1514 752 1579 ille
773 1535 845 1579 meo
867 1513 959 1598 quis?

113 1599 191 1675 Quis
212 1598 276 1663 nisi
298 1597 535 1664 Callimachus?
559 1600 586 1663 si
607 1600 679 1684 plus
701 1599 872 1682 adposcere
892 1598 994 1682 visus,
1028 1610 1078 1660 100

114 1683 167 1748 Fit
188 1682 397 1748 Mimnermus
419 1685 450 1748 et
473 1683 581 1768 optivo
604 1683 795 1770 cognomine
818 1683 941 1748 crescit,

114 1766 217 1831 Multa
238 1766 320 1850 lero,
342 1769 379 1832 ut
399 1767 522 1852 placem
543 1789 645 1854 genus
667 1767 827 1832 imitabile
848 1770 972 1850 vatum,
1056 1811 1063 1826 ,«

115 1850 197 1918 Cum
219 1851 323 1916 scribo
345 1854 378 1917 et
399 1853 532 1936 supplex
553 1852 664 1937 populi
685 1851 836 1937 suffragia
858 1854 966 1936 capto;

115 1935 205 2001 Idem
225 1935 325 2001 finitis
346 1936 460 2001 studiis
483 1939 516 2001 et
535 1940 642 2002 mente
663 1940 791 2021 recepta

116 2020 270 2086 Obturem
291 2020 418 2103 patulas
436 2021 556 2105 inpune
578 2020 757 2106 legentibus
773 2042 873 2086 aures.
1030 2031 1078 2082 105

114 2103 272 2170 Ridentur
291 2105 377 2169 mala
399 2105 453 2188 qui
475 2108 661 2189 conponunt
682 2105 835 2188 carmina3
858 2126 968 2169 verum

116 2187 265 2255 Gaudent
286 2188 460 2254 scribentes
482 2192 515 2253 et
536 2210 570 2253 se
590 2191 783 2253 venerantur
803 2191 836 2252 et
856 2188 956 2270 ultro,

115 2272 152 2339 Si
172 2276 293 2354 taceas,
316 2272 448 2337 laudant
469 2272 622 2356 quidquid
644 2273 797 2356 scripsere
818 2272 914 2336 beati.

116 2358 238 2442 Atqui
259 2357 289 2421 le
316 2357 438 2422 'timum
460 2357 567 2441 cupiet
587 2356 700 2422 fecisse
721 2376 851 2440 poema,

89 2472 90 2475 ¹
117 2440 199 2508 Cum
220 2441 297 2506 tabu
310 2442 337 2509 is
359 2442 500 2506 animum
521 2441 662 2507 censoris
684 2443 788 2505 sumet
808 2440 945 2505 honesti.
1030 2452 1080 2503 110

117 2526 271 2610 Audebit,
295 2547 509 2610 quaecumque
524 2547 637 2610 parum
653 2524 831 2610 splendoris
852 2524 1017 2592 habebunt

116 2610 162 2674 Et
176 2610 244 2675 sine
265 2611 405 2695 pondere
421 2613 514 2675 erunt
528 2613 560 2674 11
579 2609 702 2674 honore
716 2609 850 2696 indigna
864 2610 1015 2692 ferentur,
1057 2623 1061 2665 ἱ

116 2694 225 2759 Verba
245 2716 372 2760 movere
395 2695 647 2778 loco„quamvis
668 2694 771 2758 invita
790 2693 941 2759 recedant

116 2778 162 2842 Et
182 2782 347 2843 versentur
368 2778 471 2844 adhuc
492 2780 577 2843 intre
597 2779 773 2863 penetralia
793 2774 926 2863 Vestaep

117 2861 296 2927 Obscurata
317 2864 371 2927 diu
392 2864 512 2948 populo
534 2864 637 2928 honus
659 2866 748 2927 eruet
768 2864 863 2947 atque
1031 2873 1079 2924 115

115 2946 263 3012 Proferct
283 2949 318 3011 in
339 2948 443 3012 lucem
465 2948 607 3032 speciosa
626 2946 782 3012 vocabula
803 2964 924 3028 rerum,

116 3031 205 3107 Quae
227 3032 340 3116 priscis
361 3035 537 3099 memorata
558 3030 733 3097 Catonibus
756 3034 851 3115 atque
866 3029 1016 3116 Cethegis

100 3115 213 3181 Nunc
235 3117 314 3181 situs
335 3116 482 3180 informis
503 3116 621 3200 premit
641 3119 674 3180 et
695 3115 820 3181 deserta
839 3118 996 3200 vetustas3

117 3199 286 3265 Adsciscet
305 3221 404 3282 nova,
428 3221 508 3284 quae
529 3199 655 3285 genitor
675 3199 860 3283 produxerit
880 3220 967 3263 usus.

116 3283 258 3349 Vemens
279 3286 312 3350 et
332 3284 356 3348 li
378 3280 471 3348 nidus
491 3303 634 3368 puroque
656 3284 836 3348 simillimus
859 3283 946 3347 amni
1032 3294 1081 3343 111

116 3367 244 3433 Fundet
265 3390 341 3452 opes
391 3369 551 3452 otiumque
572 3359 681 3431 beabit
702 3367 798 3432 divite
820 3366 945 3451 lingua3

116 3451 325 3517 Luxuriantia
347 3454 530 3535 conpescet,
552 3450 650 3516 nimis
671 3472 784 3535 aspera
806 3470 884 3517 sano

116 3535 251 3603 Levabit
272 3538 374 3622 cultu,
396 3536 512 3601 virtute
535 3536 674 3601 carentia
690 3536 801 3620 tollet,

168 3637 298 3683 Hoasrrra
897 3642 929 3693 15
