2600 4026
331 782 876 883 oARMINVM

454 978 562 1034 LIBER
579 978 755 1046 QVARTVS.

598 1153 627 1227 I.

172 1257 383 1370 Intermissa,
406 1284 531 1368 Venus,
559 1284 614 1348 diu

217 1370 339 1434 Rursus
361 1370 445 1434 bella
464 1368 596 1433 moves?
629 1367 741 1451 Parce,
763 1389 891 1453 precor,
913 1391 1034 1454 precor.

174 1453 253 1521 Non
273 1476 343 1518 sum
365 1454 467 1538 qualis
489 1475 575 1517 eram
596 1452 699 1517 bonae

218 1536 284 1603 Sub
304 1559 405 1623 regno
429 1536 571 1603 Cinarae.
593 1534 728 1619 Desine,
752 1535 891 1601 dulcium

174 1673 278 1743 Mater
299 1694 392 1737 saeva
413 1671 460 1739 On
482 1671 619 1755 idinum,
1079 1684 1096 1735 o

218 1755 311 1822 Circa
332 1757 434 1822 lustra
455 1694 564 1821 «lacem
583 1754 710 1819 flectere
731 1755 881 1820 mollibus

174 1840 244 1905 Iam
266 1841 379 1905 durum
400 1840 558 1924 imperiis:
581 1839 647 1922 abi,

218 1924 287 2000 Quo
309 1924 444 1989 blandae
464 1924 614 1988 iuvenum
634 1927 667 1987 te
687 1926 839 1988 revocant
859 1944 979 2007 preces.

173 2058 406 2143 Tempestivius
427 2059 463 2122 in
484 2057 613 2124 domum

216 2142 320 2207 Paulli
326 2166 379 2227 ,p
440 2142 524 2207 ureis
546 2143 611 2207 ales
633 2142 788 2226 oloribus,
1063 2154 1096 2203 1o

174 2225 394 2292 comissabere
452 2227 562 2310 aximi,

218 2309 252 2375 si
273 2313 393 2375 lorrare
414 2310 502 2375 iecur
523 2310 646 2393 quaeris
668 2309 827 2375 idoneum.

172 2445 320 2529 Namque
342 2449 375 2511 el
394 2444 513 2509 nobilis
535 2447 568 2509 et
589 2445 702 2509 decens

216 2528 261 2594 us
281 2550 339 2613 pro
362 2529 507 2593 sollicitis
528 2549 596 2593 non
616 2530 732 2594 tacitus
753 2528 816 2593 reis
860 2560 865 2564 ·

171 2613 219 2679 El
240 2616 366 2678 centum
387 2634 467 2697 puer
489 2613 603 2677 arbium

216 2697 294 2762 Late
315 2697 408 2782 signa
428 2697 511 2761 ferei
530 2696 663 2761 militiae
683 2700 770 2779 luae,

170 2832 218 2897 Et
239 2831 427 2916 quandoque
448 2831 612 2980 {utentior

215 2915 314 3000 Largi
334 2937 458 2980 muneri
479 2937 518 2980 us
538 2915 646 2979 riserit
666 2915 796 2998 aemuli,

169 3000 318 3064 Albanos
339 3021 440 3084 propa
459 3003 491 3064 te
512 2999 602 3065 lacus

214 3083 319 3147 Ponet
340 3097 550 3147 marmoream
571 3081 629 3146 sub
651 3081 741 3146 trabe
763 3083 869 3147 citrea.
1063 3093 1098 3142 20

166 3217 245 3283 Illic
265 3217 403 3300 plurima
423 3217 554 3282 naribus

213 3299 321 3364 Duces
342 3303 430 3382 lura,
452 3302 600 3385 lyraeque
623 3303 656 3365 el
676 3299 884 3383 Berecyntiae

165 3383 381 3451 Delectaberc
403 3385 500 3449 tibiae

213 3467 326 3533 Mixbis
349 3469 541 3534 carminibus
563 3467 630 3537 non
652 3468 720 3535 sinc
742 3466 861 3549 fistula3

905 3569 921 3617 6
927 3566 943 3601 *
