2570 4022
211 218 239 277 Is
589 215 804 273 PRAEFATIO.

210 396 280 436 non
298 377 359 436 nisi
381 375 538 436 dictatoris
554 373 693 435 Caesaris
715 383 852 456 tempore
873 375 941 436 visa
954 374 1095 454 Romac3¹
1109 397 1183 438 nam

216 470 249 521 et
268 460 470 521 rhinocerotis
490 460 629 521 meminit
648 458 800 534 hodius,
830 460 883 537 qni
904 479 963 520 nec
985 462 1052 540 ipsc
1079 469 1184 522 aetate

216 545 282 605 eius
302 545 420 605 Romm
440 543 500 603 fuit
520 552 711 623 conspectus.

278 626 327 689 Ib.
351 629 411 688 198
438 636 470 686 at
490 629 545 686 eibi
562 631 749 701 praebentem
774 631 856 686 mimo
878 633 1050 701 spectaculo
1071 633 1179 702 pluro.

217 713 343 773 ‘Bland
377 712 538 793 antiquiss.
564 711 641 790 legit
666 716 764 778 nimio·
798 711 880 790 qnod
914 731 972 772 neo
998 712 1177 792 displicet’.

218 797 310 876 (ἕως.
353 795 457 876 Atque
477 796 522 856 its
542 794 698 877 Hauptius
720 805 750 857 et
762 795 953 870 Meinekins,
977 815 1053 876 quos
1076 798 1177 858 secuti

215 900 329 942 snmus.

279 964 326 1025 Ib.
348 964 410 1024 934
432 967 532 1040 repete
553 966 866 1040 nomomaetstsppos.
902 964 991 1025 Haec
1012 964 1091 1026 sdeo
1113 966 1181 1045 pla·

215 1070 307 1111 cuere
320 1048 461 1109 Ausonio
482 1057 517 1108 nt
530 1048 578 1109 bis
601 1048 786 1109 exscriberet
808 1067 857 1127 ep.
872 1067 901 1122 ι,
918 1051 971 1129 19;
995 1067 1084 1124 xvnr,
1095 1051 1126 1111 6.

280 1152 313 1206 ιι,
331 1134 359 1206 9,
376 1134 426 1206 74,
444 1133 484 1193 76
506 1132 647 1193 Imitatus
669 1140 716 1193 est
736 1131 893 1192 Ausonius
915 1153 965 1213 ep.
980 1152 1010 1206 x,
1027 1134 1078 1193 25.
1097 1135 1150 1195 26.

278 1218 327 1277 Ib.
342 1219 393 1291 87,
409 1218 450 1278 88
469 1218 569 1291 frater
590 1225 655 1276 erat
669 1218 780 1277 Itomae
801 1221 926 1277 consulti
946 1219 1059 1290 rhetor,
1083 1227 1117 1277 ut
1139 1224 1185 1278 ol·

217 1313 263 1362 tor
290 1305 413 1361 atterius
438 1316 570 1361 sermone
595 1318 692 1361 meros
717 1304 833 1361 audiret
859 1304 994 1362 tonores.
1044 1300 1183 1363 Omnino

217 1386 454 1448 adsentiendum
473 1383 632 1446 Meinekio
660 1393 733 1447 ante
760 1385 839 1445 illud
860 1386 944 1467 quod
972 1394 1018 1446 est
1045 1394 1080 1446 ut
1102 1387 1184 1448 alter

218 1471 367 1532 excidisse
387 1489 523 1543 versum,
552 1487 645 1550 quem
664 1470 758 1531 talem
784 1470 880 1531 ferme
906 1469 947 1530 ab
968 1469 1099 1531 Horatio
1129 1492 1182 1532 ve·

217 1557 300 1616 nisse
322 1555 508 1616 existimavit
533 1554 680 1635 ‘uterque
700 1586 742 1597 -
763 1555 890 1615 alterius
911 1554 1038 1615 laudum
1059 1556 1105 1615 sio
1128 1557 1183 1617 ad·

216 1639 370 1701 mirator'.

280 1723 329 1784 Ib.
342 1725 403 1784 163
417 1740 519 1798 nempe
532 1726 615 1783 modo
629 1729 699 1808 ieta·
715 1724 977 1802 pronuntiandum
992 1723 1097 1784 ‘modo
1111 1727 1185 1785 sto’.

208 1806 268 1871 01.
292 1807 323 1870 (1.
345 1828 370 1867 r.
391 1828 432 1867 m.
454 1808 528 1868 904.
1276 1800 1277 1811 ’

280 1890 328 1953 Ib.
339 1893 399 1952 199
412 1896 574 1967 pauperies
587 1895 724 1951 inmundo
735 1922 777 1934 -
785 1895 894 1967 procul
908 1895 992 1952 obsit.
1007 1908 1059 1969 epo
1074 1900 1185 1954 utrum.

218 1976 313 2038 Hunc
332 1975 434 2037 locum
454 1976 488 2036 in
510 1976 678 2059 archetypo
692 1975 816 2036 Horatii
836 1975 984 2037 librorum
1004 1978 1084 2037 siout
1106 1978 1186 2038 elios

219 2061 368 2141 quosdam
393 2061 490 2121 fumas
514 2059 694 2121 lacunosum
726 2080 784 2121 nec
810 2062 974 2140 quicquam
1001 2061 1061 2121 nisi
1088 2061 1185 2122 inter·

219 2145 408 2225 polationem
420 2144 628 2207 foedissimam
638 2145 753 2205 referre
768 2144 920 2225 quidquid
934 2147 1082 2224 ingerunt
1090 2165 1185 2206 mem·
1275 2160 1276 2209 t

219 2229 335 2292 brenac
349 2229 524 2309 supplendo
537 2229 637 2291 hiatui
651 2229 850 2308 peritissimus
865 2231 996 2309 quisque
1009 2230 1186 2291 criticorum

219 2315 383 2375 intellexit.
402 2354 405 2363 ·
427 2313 497 2394 Quo
519 2315 616 2393 magis
637 2314 743 2386 miror,
776 2331 829 2373 eos
850 2314 1033 2375 emblemata
1053 2314 1115 2374 isto
1136 2316 1186 2372 in·
1274 2362 1275 2365 ,

219 2408 307 2478 tegra
315 2400 381 2459 sive
395 2406 559 2477 utcumque
570 2406 686 2458 mutata
699 2398 780 2458 tueri
793 2398 946 2458 maluisse.
968 2398 1010 2457 Et
1022 2397 1187 2459 Bentloius
1274 2388 1275 2459 ξ

219 2482 357 2561 quidem,
378 2502 442 2542 non
455 2502 529 2542 usus
542 2482 633 2543 solita
648 2482 811 2556 felicitate,
835 2484 957 2561 scripsit
976 2479 1102 2562 ‘procul
1113 2502 1187 2562 pro·
1274 2486 1275 2489 ’

210 2566 291 2639 -eul',
314 2566 347 2626 id
362 2566 446 2646 quod
466 2574 585 2647 prostat
605 2568 639 2627 in
654 2586 680 2626 c.
695 2566 876 2643 Pnlmanni;
900 2566 983 2646 qnod
1005 2586 1070 2626 non
1090 2566 1188 2627 modo

210 2659 254 2710 ut
268 2647 529 2728 uudnttttdstepov
550 2648 607 2711 sed
620 2651 693 2730 quia
715 2660 786 2730 eget
807 2652 904 2711 oratio
919 2651 1090 2731 particulae
1112 2668 1188 2711 con·
1273 2672 1274 2713 ;

220 2737 356 2796 cessisse
389 2737 454 2796 sive
482 2735 695 2796 adversativae
726 2735 913 2797 adminiculo
942 2736 1050 2795 merito
1079 2735 1188 2816 inpro·
1273 2756 1274 2759 ¹

219 2818 333 2880 barunt
352 2818 510 2884 Gesnerns
538 2828 570 2880 et
589 2819 774 2881 Meinekius.
817 2818 861 2878 Hi
882 2828 985 2880 autem
1007 2820 1190 2880 coniectura
1273 2818 1274 2821 ’

220 2903 380 2964 inventum
401 2904 485 2984 quod
506 2904 680 2983 praetulere
703 2894 828 2963 ‘ruodo'
859 2900 948 2979 (nam
970 2903 1003 2962 in
1024 2905 1189 2984 permultis

218 2985 306 3048 libris
319 2987 434 3068 legitur
452 2989 643 3068 ineptissime
666 2986 767 3048 ‘domo
782 2987 909 3066 procul’,
933 2987 1053 3067 ‘procul
1068 2987 1187 3064 domo’,

219 3071 285 3132 sive
306 3070 488 3148 simillima),
512 3080 661 3151 qnantum
682 3070 723 3131 ed
744 3070 982 3133 sensum'habet
1003 3072 1188 3148 rectissime,
1255 3121 1261 3133 .

210 3156 275 3216 :sed
289 3157 378 3236 pedis
401 3157 486 3234 loges
504 3150 618 3214 'violari
640 3173 677 3215 eo
699 3154 831 3214 admisso
855 3156 945 3216 docui
968 3156 997 3216 d.
1014 3177 1037 3214 ι.
1053 3177 1094 3216 m.
1111 3159 1188 3218 334.

218 3239 297 3299 Mihi
317 3242 351 3300 in
372 3240 440 3301 loco
463 3246 569 3317 aperte
583 3238 728 3298 lacunoso
751 3240 850 3299 missis
871 3240 1091 3301 monachorum
1104 3241 1189 3302 ludi·

220 3323 293 3382 briis
313 3324 489 3383 sententIae
515 3323 607 3381 unice
627 3321 751 3383 videtur
772 3343 839 3384 esse
862 3324 1101 3404 consulendum
1132 3346 1187 3387 ne·

216 3425 279 3486 que
300 3408 427 3468 invenio
449 3402 524 3484 quid
545 3405 671 3484 dignius
692 3408 733 3469 sit
753 3407 867 3468 Flacco
887 3426 979 3488 quem
999 3408 1079 3469 tole:

390 3502 540 3569 pauperies
556 3500 688 3557 inmunde
706 3513 788 3558 tamen
804 3506 901 3572 procnl
919 3506 1002 3559 absit.
1114 3573 1118 3577 ι
