2610 4028
121 299 228 372 vnn]
551 297 666 353 msere

211 459 308 525 Terre
328 459 471 544 merique
492 460 594 525 vietus
615 459 718 524 hostis
739 457 858 543 punies

252 544 279 610 L
345 545 402 610 bre
423 544 558 609 mutavit
578 565 700 629 segem.

211 630 278 694 Aut
298 629 354 693 ile
375 632 503 695 eentum
523 629 665 694 nobilem
686 626 815 693 Cretam
836 626 966 690 urbibus

250 711 366 778 Ventis
387 713 489 778 iturus
510 733 578 777 non
599 713 678 796 suis,

210 796 408 862 Exercitates
431 800 487 861 sut
508 797 590 882 petit
611 796 719 880 Syrtes
739 794 842 879 Noto,

251 882 319 946 Aut
338 881 440 946 fertur
460 881 582 946 incerto
603 881 693 945 mari.

210 964 256 1032 Ca
278 965 399 1030 aeiores
421 964 509 1030 adfer
529 964 607 1047 hue,
629 986 723 1050 puer,
747 963 884 1048 scyphos

251 987 296 1114 Et
316 1048 397 1116 chia
418 1049 494 1114 vins
515 1052 571 1113 sut
590 1048 721 1131 Lesbis,

209 1132 271 1198 Vel
292 1134 377 1217 quod
397 1132 549 1199 fluentem
569 1155 721 1199 nauseam
743 1132 924 1215 coherceat,

251 1215 364 1282 Metire
385 1219 480 1283 nobis
502 1217 692 1285 Oseeubum.

210 1299 326 1368 Curam
347 1305 529 1387 metumque
551 1302 695 1369 Caesaris
716 1323 822 1367 rerum
843 1301 931 1365 iuvet

251 1384 347 1451 Dulei
367 1385 472 1471 Lyaeo
495 1387 625 1452 solvere.

581 1831 627 1907 X.

208 1977 294 2042 Mala
315 1979 419 2045 soluta
442 1979 532 2045 nevis
554 1981 621 2045 erit
641 1980 731 2063 alite,

250 2061 368 2128 Ferens
390 2064 529 2129 olentem
550 2062 724 2129 Maevium:

209 2144 256 2211 Vt
275 2146 413 2225 horridis
433 2151 603 2233 utrumque
623 2149 769 2213 verberes
791 2148 891 2230 latus,

250 2232 382 2315 Auster,
404 2236 565 2298 memento
589 2232 746 2297 fluetibus.

207 2312 252 2380 Ni
276 2336 310 2380 er
330 2316 479 2382 rudentes
500 2316 606 2383 Eurus
626 2317 752 2381 inverso
774 2315 856 2380 mari

294 2403 443 2484 actosque
464 2422 569 2466 remos
591 2401 728 2484 differst3

206 2482 359 2569 Insurgst
378 2485 512 2569 Aquilo,
535 2489 671 2570 quantus
693 2485 766 2550 altis
787 2483 949 2549 montibus

249 2566 333 2633 Fran
359 2569 383 2633 't
402 2571 575 2635 trementes
596 2571 699 2655 ilices3

206 2651 277 2717 Nee
299 2653 326 2717 si
347 2675 385 2717 us
407 2657 476 2718 stra
495 2657 592 2720 noete
613 2655 750 2723 amicum
771 2653 937 2737 adpareat,

250 2735 319 2812 Qua
339 2737 441 2803 tristis
463 2738 564 2804 Orion
588 2739 688 2824 cedis

206 2819 369 2895 Quietiore
390 2844 450 2887 nee
471 2820 592 2888 feratur
613 2844 764 2907 aequore,

251 2903 353 2980 Quam
375 2906 471 2972 Graia
492 2908 649 2973 victorum
669 2928 797 2990 manus,

206 2986 289 3053 eum
309 2986 415 3055 Pallas
436 2995 509 3056 usto
530 2993 627 3057 vertit
647 2992 727 3057 iram
748 2991 788 3056 ab
809 2990 870 3056 Ih'o

247 3071 288 3137 In
309 3073 430 3158 inpiam
451 3075 560 3140 Aiacis
581 3079 692 3142 ratem.

206 3154 235 3220 0
278 3163 394 3224 uentus
416 3160 516 3224 instat
536 3160 654 3226 navitis
676 3160 772 3226 sudor
792 3159 857 3224 tuis

279 3241 383 3326 'bique
403 3244 507 3327 pallor
528 3245 632 3310 luteus
959 3262 960 3266 ’

205 3323 251 3388 Et
271 3325 327 3390 illa
347 3348 415 3392 non
435 3328 537 3394 virilis
559 3329 688 3394 eiulafio

248 3407 362 3476 Preces
385 3416 417 3477 et
438 3434 582 3478 aversum
603 3414 643 3479 ad
664 3413 788 3496 Iovem,

204 3490 316 3558 Ionius
337 3496 401 3561 udo
423 3518 495 3562 eum
516 3498 697 3595 remugiens
720 3497 807 3563 sinus

247 3575 335 3643 Noto
357 3582 497 3645 carinam
518 3585 648 3664 repent.

898 3685 934 3738 ὅ,
