2570 4022
383 143 432 200 Du
449 141 582 199 multis
600 140 831 199 nossslsuls.
1037 141 1090 197 LV

188 302 336 365 Ceterum
357 323 425 362 cum
446 301 540 362 iambi
561 322 598 362 ac
610 296 760 374 trochaei,
783 301 837 382 qui
858 300 998 361 omnibus
1010 300 1086 363 locis

117 397 248 468 praeter
268 388 410 448 ultimum
432 388 596 447 adsumunt
609 385 794 466 spondeum,
818 387 879 446 iam
900 385 939 445 ab
953 385 1087 466 Augusti

120 473 201 533 inde
221 480 341 544 aetate,
366 491 461 531 unum
482 470 573 531 modo
594 469 771 531 Phaedrum
792 471 953 543 exemeris,
981 481 1086 550 poeta·

13 622 14 625 ,
118 578 187 618 rum
219 576 259 616 ex
293 575 351 615 usu
379 555 576 628 recesserint,
616 572 680 615 nou
708 553 766 614 erit
792 554 918 627 mirum,
956 553 1086 618 Horatio

120 643 242 702 etiamsi
256 639 329 699 libri
339 638 453 699 Lucilii
466 660 485 698 a
495 640 643 717 vigesimo
655 647 744 699 sexto
758 637 799 698 ad
814 636 1087 718 undetrigesimum

119 725 316 786 innotuerint
342 722 426 802 quod
454 723 579 803 quidem
605 742 669 783 non
696 722 806 801 magis
821 723 934 803 poterit
962 723 1086 784 demon·

13 822 15 825 ’
118 811 211 869 stram
226 818 320 888 quesn
329 807 471 867 Persium
485 828 522 867 ae
531 806 711 868 Iuvenalem
725 807 770 867 eis
785 825 857 866 usos
871 814 974 866 tamen
989 808 1087 869 solum

118 914 243 954 versum
269 891 427 953 heroicum
447 891 617 952 scribendis
638 892 739 951 satiris
766 910 835 951 esse
854 891 1087 969 conprobatum.

118 978 204 1037 Illud
225 987 331 1037 tamen
346 984 441 1036 restat
458 975 583 1036 dubium
605 984 707 1035 utrum
722 976 837 1055 primus
858 976 987 1036 metrum
1008 977 1086 1037 illud

119 1063 293 1141 legitimum
320 1078 387 1121 sese
413 1061 546 1141 uoluerit
572 1060 702 1125 Flaccus
729 1060 816 1139 operi
841 1059 897 1131 tali
924 1079 966 1119 an
979 1061 1085 1122 -Varro

118 1145 274 1207 Atacinus
302 1153 334 1204 et
355 1143 481 1223 quidam
501 1145 556 1205 alii
576 1162 653 1223 quos
674 1140 814 1223 proxime
839 1153 976 1225 tempore
998 1165 1084 1225 prae·

118 1230 269 1291 cedentes
282 1228 395 1288 Lucilii
415 1234 550 1289 saturam
572 1248 640 1289 cum
661 1249 718 1308 per
739 1246 921 1303 annosm
940 1230 1086 1291 iacuisset

118 1333 225 1375 rursus
251 1314 439 1393 instaurasse
466 1313 561 1374 tradit
588 1314 655 1392 ipse
685 1308 837 1390 [serm.1,
861 1315 914 1386 10,
937 1313 992 1387 46,
1009 1313 1083 1393 47].

117 1397 267 1458 Ueterum
286 1402 451 1475 utcumque
472 1416 521 1459 res
542 1417 576 1458 se
597 1396 705 1473 habet,
736 1396 841 1459 licebit
862 1397 1007 1460 affirmari
1029 1419 1084 1479 pro

116 1492 203 1544 certo
224 1481 350 1542 Horatii
377 1482 567 1560 potissimum
588 1483 642 1560 qui
663 1481 818 1561 prioribus
843 1481 975 1542 satiricis
996 1502 1084 1562 prae·

115 1576 166 1627 ter
191 1586 289 1626 unum
316 1565 470 1626 Lucilium
497 1566 661 1644 caliginem
693 1565 816 1629 induxit
844 1567 1026 1626 auctoritate
1054 1576 1086 1628 et

116 1650 260 1730 exemplo
289 1669 358 1710 esse
378 1649 493 1711 iactum
520 1658 555 1710 ut
575 1649 715 1723 Persius,
743 1648 915 1722 Iuvenalis,
947 1649 1087 1731 Sulpicia

118 1736 153 1795 in
176 1733 399 1814 componendis
419 1734 522 1794 satiris
544 1733 644 1795 solum
665 1733 850 1795 adhiberent
863 1733 1083 1803 hexametrum.

119 1819 210 1880 Idem
237 1838 361 1897 semper
382 1824 514 1879 metrum
540 1817 579 1879 ab
602 1817 656 1881 illo
678 1820 712 1879 iu
734 1817 874 1898 epistulis
895 1829 1083 1899 usurpatum,

117 1913 152 1964 et
177 1901 314 1963 subinde
340 1904 375 1962 in
400 1902 509 1982 epodis
536 1922 575 1965 ac
598 1902 717 1983 lyricis.
747 1903 803 1965 sed
830 1904 914 1973 enim
938 1903 1087 1977 subiectis

120 1987 255 2049 humeris
279 1987 418 2049 diversis.
988 2010 992 2015 ·

182 2071 328 2132 Ueterum
355 2071 394 2132 ds
420 2072 607 2135 hexametris
634 2070 817 2139 Horatianis
844 2072 969 2137 dicendi
995 2076 1085 2154 eopia

115 2176 188 2218 cum
207 2175 310 2235 paene
330 2156 530 2228 chinheim,
560 2157 829 2234 cos-paucissima
848 2174 947 2234 esque
969 2160 1084 2236 gravis-

114 2243 196 2301 sima
223 2259 433 2319 excerpamus,
463 2261 531 2305 eum
559 2241 679 2319 reliqua
706 2226 851 2307 'exlibro
873 2248 978 2301 nostro
1006 2242 1036 2302 d.
1058 2263 1084 2304 r.

118 2345 159 2388 m.
181 2345 211 2404 p.
234 2325 255 2387 h
279 2324 370 2386 facile
392 2333 498 2404 petere
518 2326 638 2404 possint
654 2321 951 2403 qutdniderarint.
1043 2345 1046 2351 ·

181 2409 352 2470 Satirarum
378 2417 410 2469 et
437 2409 638 2488 epistularum
664 2408 736 2471 libri
759 2427 835 2475 ,cum
862 2408 996 2469 sermoni
1022 2410 1086 2470 sint

118 2494 278 2572 propiores
292 2501 473 2573 repantque,
495 2503 531 2553 ut
551 2494 595 2553 ita
611 2493 723 2567 dicam,
747 2513 804 2572 per
817 2493 943 2553 humum
958 2512 1022 2555 nec
1043 2496 1084 2555 ad

115 2577 236 2649 altioris
263 2578 405 2638 carminis
432 2576 604 2638 evehantur
629 2578 788 2657 spiritum,.
812 2597 876 2636 non
898 2578 1013 2656 poterit
1038 2580 1083 2638 vi·

119 2661 186 2722 deri
207 2660 499 2727 mirumHoratium
519 2663 593 2722 artis
615 2663 680 2722 eius
701 2672 844 2735 versuum
858 2680 951 2740 quam
971 2680 1083 2742 aequa-

116 2745 162 2806 les
189 2744 252 2825 ipsi
271 2742 428 2825 Vergilius
456 2754 488 2808 et
510 2743 641 2807 Ovidius
670 2744 904 2825 diligentissime
932 2747 1084 2808 excultam

117 2850 185 2890 cum
212 2849 329 2909 summa
349 2829 443 2891 laude
469 2831 671 2910 optinuerunt
698 2832 839 2908 exiguam
865 2830 1009 2892 habuisse
1036 2852 1083 2893 ra·

115 2915 242 2995 donem.
282 2912 383 2993 Magis
404 2924 507 2976 tamen·
528 2912 632 2974 limam
653 2923 798 2997 expertae
820 2915 971 2994 epistulae
993 2936 1084 2997 quam

115 3007 253 3071 saturae,
279 2998 338 3058 se'd
359 3007 396 3059 ut
414 3019 531 3059 summa
552 2999 706 3058 rationum
731 2999 924 3061 metricamm
945 3001 980 3061 in
1001 3010 1083 3062 utro·

116 3101 177 3161 que
200 3102 295 3163 opere
316 3102 380 3142 non
401 3084 530 3143 multum
547 3078 684 3159 differat*
711 3080 845 3144 Maxime
866 3093 969 3146 autem
982 3085 1083 3146 'hexa-

117 3168 206 3227 metri
227 3166 334 3226 Flacci
361 3187 380 3226 a
401 3167 533 3248 Vergilii
555 3175 586 3227 et
607 3165 713 3228 Ovidii
736 3167 852 3229 distant
878 3177 913 3229 ut
934 3170 1085 3229 varietate

118 3250 231 3329 pedum
254 3259 286 3311 et
301 3251 485 3312 incisionum
507 3251 674 3331 asperitate
695 3252 739 3313 its
754 3251 966 3331 rhythmorum
986 3252 1083 3313 inele-

119 3337 223 3412 gantis
249 3343 283 3395 et
310 3334 507 3397 multitudine
530 3336 704 3396 elisionum.
748 3334 837 3413 Quae
864 3335 987 3414 singula
1013 3335 1084 3397 bre·

117 3419 196 3480 viter
217 3419 414 3481 declaranda.
