2610 4028
136 275 169 346 1.]
530 270 646 326 ‘umus
666 271 688 327 1.
1038 264 1097 330 187

132 435 178 500 nt
197 433 340 499 maribus
362 430 465 498 Oruiis
488 435 521 497 et
541 432 708 498 decantata
729 430 894 501 Camillis?

133 518 208 584 Isne
228 517 289 582 tibi
310 517 425 582 melius
446 515 573 600 suadet,
596 517 651 600 qui
672 521 752 582 ‘rem
772 517 889 600 facias,
911 539 994 602 rem,
1061 524 1095 577 65

134 602 169 667 Si
189 601 309 686 possis,
331 604 433 683 reete,
456 600 588 682 sinon,
614 621 813 684 quocumque
833 601 929 667 modo
951 624 1034 684 rem,

133 686 180 750 Vt
198 685 331 771 propius
353 686 477 768 spectes
497 684 667 749 lacrimosa
686 687 835 768 poemata
855 684 966 772 Pupi3’

27 790 28 793 ¹
133 770 189 834 An
210 770 267 853 qui
292 768 452 833 Fortunae
473 770 507 832 11
528 789 717 852 responsare
741 768 895 853 superbae

135 853 286 918 Liberum
307 855 340 917 et
357 855 497 917 erectum
540 873 668 917 raesens
689 851 836 917 1111111111
857 856 890 918 11
910 853 1021 937 aptat?

94 1020 101 1030 ἱ
136 936 258 1013 Quodsi
278 957 330 1001 me
350 936 488 1034 populus
560 956 674 1003 manus
695 937 778 1001 forte
796 940 904 1084 copel,
926 959 982 1003 cur
1067 950 1101 1000 70

135 1020 212 1086 Non
232 1023 270 1085 ut
289 1020 465 1104 porticibus
478 1020 533 1084 ’sio
554 1020 679 1085 iudiciis
700 1020 789 1085 fruar
809 1021 837 1086 is
861 1043 925 1103 em,

135 1104 205 1170 Nec
219 1125 334 1188 sequar
355 1106 411 1167 aut
430 1104 554 1189 fugiam
575 1125 656 1188 quae
678 1104 785 1189 diligit
804 1102 874 1188 ipse
888 1105 939 1170 vel
953 1104 1035 1170 odit:
1060 1178 1063 1193 Ι

137 1188 223 1255 Olim
244 1187 330 1272 quod
351 1188 461 1272 volpes
483 1192 614 1273 aegroto
637 1191 729 1253 11111
750 1189 836 1253 leoni
910 1190 912 1193 ’
1017 1202 1019 1205 ’

135 1271 329 1356 Respondit,
350 1271 501 1336 referam:
530 1273 616 1355 ‘quia
636 1293 689 1337 me
709 1272 846 1357 vestigia
866 1275 1001 1355 terrent,

136 1355 254 1421 Omnia
274 1358 306 1420 te
328 1355 494 1420 adversum
513 1356 704 1439 spectantia,
725 1356 816 1419 nulla
836 1360 1034 1421 retrorsum?
1068 1368 1102 1417 71

136 1438 238 1505 Belus
258 1439 431 1504 multorum
453 1461 488 1504 es
509 1440 659 1523 capitum.
708 1438 795 1506 Nam
821 1439 898 1523 quid
920 1450 1039 1586 {equor

745 1527 802 1587 aut
844 1545 916 1588 uem

140 1606 216 1673 Pars
237 1606 404 1673 hominum
423 1608 522 1692 gestit
536 1607 712 1673 conducere
732 1545 873 1691 pusula
896 1610 971 1672 sunt
983 1608 1039 1692 qui

138 1691 263 1757 Orustis
285 1694 318 1756 et
337 1692 442 1775 pomis
463 1692 575 1756 viduas
596 1694 753 1756 venentur
774 1713 901 1774 avaras,

138 1775 372 1872 Excipiantque
394 1796 500 1860 senes,
523 1797 603 1860 quos
624 1775 660 1840 in
680 1775 801 1840 vivaria
821 1775 965 1860 mittant3

138 1859 250 1927 Multis
272 1860 399 1924 occulto
421 1860 535 1924 crescit
555 1881 606 1923 res
627 1858 748 1924 fenore.
784 1858 906 1924 Verum
1069 1871 1103 1921 80

138 1942 220 2008 Esto
242 1943 315 2007 aliis
336 1943 417 2008 alios
438 1943 532 2008 rebus
555 1942 668 2009 studiis
690 1965 730 2007 ue
750 1944 870 2008 tenerit

140 2024 230 2091 Idem
252 2026 361 2092 eadem
406 2030 518 2092 essunt
537 2025 649 2091 horam
669 1964 782 2091 durare
803 2027 996 2110 probantes?

140 2110 268 2176 ‘Nullus
289 2111 325 2175 in
346 2049 423 2176 erle
444 2110 533 2176 sinus
554 2110 631 2174 Bais
652 2110 816 2193 praelucet
837 2111 991 2175 amoenis’

140 2193 176 2259 si
198 2194 279 2259 dixit
300 2194 401 2260 dives:
423 2195 511 2258 laous
533 2198 566 2259 et
585 2215 672 2257 mare
694 2193 792 2258 sentit
813 2215 953 2258 amorem

140 2277 335 2342 Festinantis
357 2279 417 2363 eri,
440 2278 491 2342 oui
513 2278 541 2342 si
561 2277 677 2342 vitiosa
697 2277 797 2342 libido
1070 2291 1104 2340 85

139 2361 266 2426 Fecerit
287 2362 476 2510 auspicium,
500 2366 581 2426 ‘cres
602 2361 796 2426 ferramenta
817 2361 958 2427 Teanum

31 2470 39 2485 ³
140 2443 290 2529 Tolletis,
311 2445 346 2509 fa
367 2446 417 2510 ri!
461 2445 579 2543 Lectis
597 2445 735 2530 genialis
755 2445 791 2509 in
812 2447 930 2511 aulast:
1038 2488 1040 2491 ·

140 2528 198 2594 Nil
219 2528 267 2592 111
287 2550 357 2594 1111
377 2530 482 2613 prius,
504 2530 618 2594 melius
639 2530 687 2594 nil
709 2530 829 2595 caelibe
849 2531 929 2616 vita,

17 2644 19 2687 1
141 2611 177 2677 si
197 2633 266 2677 non
287 2616 351 2696 est,
373 2613 458 2678 111111
477 2613 559 2678 bene
580 2613 657 2678 solis
677 2607 747 2679 esee
767 2613 900 2679 maritis.

17 2696 19 2725 ¹
141 2695 212 2771 Quo
234 2699 362 2760 teneam
382 2697 488 2761 vultus
509 2699 688 2761 mutantem
708 2697 825 2763 Protea
844 2698 952 2762 nodo?
1072 2709 1107 2758 90

17 2780 18 2825 ἒ
141 2779 226 2855 Quid
246 2780 389 2864 pauper?
425 2780 522 2845 Ridet
544 2783 647 2846 mutat
668 2782 831 2864 cenacula,
852 2783 966 2863 lectos,

141 2861 278 2946 Balnea,
299 2867 460 2948 tonsores,
483 2865 639 2929 conducto
661 2865 791 2949 navigio
813 2886 911 2948 aeque

140 2946 287 3013 Nauseat
307 2969 344 3015 11
365 2948 523 3032 locuples,
546 2969 642 3032 quem
662 2948 751 3014 ducit
769 2949 860 3032 priva
879 2948 1027 3013 triremis.

142 3029 178 3095 Si
200 3035 327 3096 curatus
348 3030 507 3117 inaequali
527 3035 657 3098 tonsore
679 3033 812 3116 capillos

142 3113 289 3198 Occurri,
311 3115 410 3198 rides,
433 3117 465 3179 si·
482 3116 565 3180 forte
587 3117 740 3181 subucula
760 3139 860 3201 pexae
1072 3128 1108 3193 11

142 3196 233 3262 Trita
255 3199 365 3263 subest
384 3199 524 3283 tunicae,
548 3200 599 3264 vel
620 3201 648 3264 si
669 3203 747 3286 toga
768 3201 901 3267 dissidet
921 3202 1028 3284 inpar,

141 3280 258 3346 Rides:
282 3281 380 3366 quid?
402 3304 475 3347 mea
495 3304 567 3347 oum
587 3288 712 3368 pugnat
733 3285 891 3349 sententia
912 3305 1034 3366 secum,

143 3364 235 3440 Quod
256 3366 351 3449 petiit
372 3367 509 3450 spernit,
530 3369 647 3451 repetit
672 3369 757 3451 quod
776 3390 878 3451 nuper
900 3368 1021 3449 omisit,

143 3449 280 3514 Aestuat
300 3451 334 3513 et
354 3450 440 3513 vitae
461 3450 660 3515 disconvenit
681 3451 792 3516 ordine
817 3454 903 3533 toto,

143 3530 264 3616 Diruit,
288 3533 448 3616 aedificat,
471 3536 574 3599 mutat
595 3535 749 3619 quadrata
769 3534 928 3618 rotundis3
1059 3549 1109 3599 111
