2610 4028
200 220 259 287 186
551 224 806 282 nersrvnlavu
969 286 972 290 ,
1128 224 1162 298 [r

260 387 386 471 Restat,
422 390 459 454 ut
494 387 545 453 his
580 407 641 472 ego
678 409 730 452 me
767 388 835 471 ipse
870 406 980 472 regam
1017 386 1163 470 solerque

805 471 979 535 elementis.

260 555 338 621 Non
357 556 462 639 possis
483 556 577 621 oculo
600 558 754 640 quantum
776 554 967 619 contendere
980 553 1144 636 Lynceusr

260 639 337 705 Non
357 642 466 704 tamen
486 639 604 704 idcirco
626 642 811 707 contemnas
826 638 939 722 'lippus
961 638 1112 722 inungui3

197 735 232 786 30
264 723 348 806 Nec,
369 725 446 808 quia
468 723 615 807 desperes
636 723 747 788 mvicti
768 723 910 787 membra
933 721 1103 805 Glyconis,

260 806 394 873 Nodosa
414 829 527 892 corpus
548 808 632 873 nolis
653 806 822 891 prohibere
845 805 1007 891 cheragra.

259 890 321 956 nse
340 890 478 976 quadam
498 891 626 975 prodire
646 894 756 975 tenus,
779 892 807 955 si
826 912 894 955 non
916 890 1008 954 datur
1029 889 1122 954 ultra.

260 972 376 1040 Fervet
397 977 531 1040 avaritia
551 975 730 1059 miseroque
752 974 899 1123 cupidine
921 976 1046 1057 pectus:

261 1058 344 1124 Sunt
359 1060 455 1124 verba
469 1063 502 1124 et
523 1080 630 1142 voces,
653 1059 766 1143 quibus
811 1079 874 1123 unc
895 1059 995 1123 lenire
1016 1056 1163 1122 dolorem
1283 1084 1284 1143 q

197 1155 230 1206 35
262 1142 370 1208 Possis
393 1146 426 1207 et
446 1164 599 1228 magnam
619 1143 723 1207 morbi
745 1142 902 1226 deponere
922 1143 1055 1225 partem.

261 1226 377 1291 Laudis
392 1248 499 1291 amore
520 1230 639 1291 tumes:
662 1229 738 1292 sunt
758 1229 844 1291 certa
866 1225 1004 1309 piacula,
1027 1245 1108 1308 quae
1129 1227 1162 1289 tc
1283 1248 1284 1325 q

261 1309 322 1374 Ter
366 1332 422 1375 ure
443 1312 527 1376 lecto
570 1314 700 1376 oterunt
719 1331 861 1377 recreare
883 1309 1001 1377 libello.

260 1392 332 1458 Invi
354 1416 407 1478 us,
428 1333 613 1478 iracundus,
635 1395 738 1478 iners,
759 1394 904 1477 vinosus,
928 1397 1064 1476 amator,

260 1476 365 1544 Nemo
387 1479 466 1544 adeo
488 1479 575 1544 ferus
596 1482 661 1561 est,
683 1482 808 1543 utnon
828 1478 993 1542 mitescere
1013 1478 1133 1561 possit,

198 1575 232 1625 40
264 1561 416 1627 simodo
438 1563 580 1628 culturae
624 1562 777 1627 atientem
799 1561 979 1628 commodet
999 1582 1118 1627 aurem.

261 1645 373 1710 Virtus
395 1651 444 1712 est
464 1648 576 1712 vitium
654 1667 706 1712 ere
728 1649 762 1710 et
782 1647 939 1730 sapientia
959 1647 1063 1729 prima

262 1728 406 1794 Stultitia
428 1732 576 1796 caruisse.
651 1730 735 1814 ides,
760 1751 839 1814 quae
860 1729 999 1794 maxima
1021 1729 1124 1795 credis

261 1812 344 1877 Esse
358 1815 459 1898 mala,
481 1817 630 1912 exiguum
646 1835 775 1880 censum
790 1817 977 1898 turpemque
988 1814 1161 1897 repulsam,
1283 1854 1284 1875 o

261 1896 389 1972 Quanto
412 1897 531 1964 aeuus
553 1899 652 1962 ammi
674 1898 849 1982 capitisque
871 1897 994 1982 labore3

176 1984 231 2043 ‘45
261 1978 394 2066 Inpiger
415 1984 572 2047 extremos
595 1983 694 2047 curris
716 1984 873 2047 mercator
894 1981 935 2046 ad
954 1980 1068 2064 lndos,
1187 2002 1190 2007 ⁴

260 2064 322 2129 Per
336 2087 423 2131 mare
436 2068 620 2150 pauperiem
633 2066 650 2130 f
695 2067 760 2131 'ens
768 2115 777 2150 ,
799 2088 858 2150 per
872 2086 961 2148 saxa,
982 2087 1040 2149 per
1053 2065 1160 2150 ignesr

260 2148 311 2213 Ne
333 2170 423 2215 cures
445 2171 496 2233 ea,
519 2172 600 2234 quae
622 2153 653 2215 st
686 2152 719 2215 te
739 2150 866 2215 miraris
888 2152 921 2214 et
941 2153 1048 2233 optas,

260 2230 392 2299 Discere
414 2236 446 2299 et
467 2234 576 2298 audire
598 2236 631 2298 et
650 2234 776 2298 meliori
798 2232 924 2298 credere
945 2253 1012 2297 non
1032 2232 1103 2296 ris?

262 2316 340 2392 Quis
362 2317 480 2383 circum
501 2339 603 2402 pagos
625 2321 658 2382 et
679 2318 798 2382 circum
820 2316 960 2400 compita
979 2336 1112 2400 pugnax

198 2412 231 2462 50
263 2400 382 2486 Magna
404 2403 549 2466 coronari
570 2404 754 2467 contemnat
775 2400 936 2485 Olympia,
959 2400 1010 2467 cui
1031 2421 1119 2483 spes,

261 2482 322 2548 Oui
344 2485 387 2548 sit
408 2485 552 2550 condicio
575 2485 676 2550 dulcis
699 2486 767 2551 sine
788 2485 917 2569 pulvere
937 2483 1085 2568 palmae?

260 2566 365 2630 Vilius
387 2571 586 2652 argentumst
605 2590 699 2653 auro,
720 2569 891 2634 virtutibus
910 2588 1039 2633 aurum:

263 2648 302 2714 ‘O
326 2652 424 2734 cives,
447 2651 548 2734 cives,
573 2652 754 2736 quaerenda
797 2654 908 2725 ecunia
928 2653 1111 2736 primumst3

260 2732 372 2799 Virtus
393 2737 469 2818 post
481 2743 654 2823 nummos3'
677 2676 866 2801 hecelinus
881 2756 1022 2800 summus
1039 2735 1081 2798 ab
1094 2736 1158 2798 imo

198 2829 231 2880 ec
263 2817 434 2902 Prodooet,
457 2818 536 2885 haec
549 2822 697 2886 recinunt
710 2822 840 2886 iuvenes
862 2820 980 2885 dictata
996 2839 1158 2903 senesque.

261 2900 379 3049 graeco
401 2905 548 2987 suspensi
569 2905 690 2970 loculos
711 2905 916 2988 tabulamque
937 2900 1079 2990 lacerto]

292 2989 322 3049 st
336 2987 459 3051 animus
480 2989 555 3071 tibi,
577 2993 653 3054 sunt
668 3009 789 3072 mores,
812 2991 860 3054 est
881 2988 991 3072 lingua
1004 2985 1158 3070 fidesque,

263 3068 325 3133 Sed
347 3069 587 3157 quadringentis
610 3094 665 3139 ser
687 3075 808 3156 septem
829 3071 917 3137 milia
938 3070 1066 3137 desunt:

261 3151 356 3218 Plebs
378 3153 449 3220 eris.
473 3156 540 3220 -At
559 3157 650 3240 pueri
670 3156 815 3223 ludentes
838 3163 905 3220 ‘rex
926 3155 999 3219 eris'
1023 3154 1126 3235 aiunt,

199 3249 232 3296 oo
265 3234 312 3301 ‘Si
332 3240 417 3304 recte
438 3238 560 3305 facies’
603 3238 666 3305 Hic
687 3260 796 3306 murus
817 3238 955 3304 aheneus
977 3239 1060 3303 esto:

262 3318 319 3386 Nil
341 3323 483 3388 conscire
505 3323 582 3405 sibi,
604 3323 695 3387 nulla
712 3324 885 3409 pallescere
905 3322 1006 3405 culpa.

262 3403 393 3489 Roscia,
417 3405 468 3471 dic
489 3405 596 3489 sodes,
619 3407 731 3471 melior
752 3408 804 3473 lex
825 3429 867 3471 an
887 3407 1088 3489 puerorumst

262 3486 382 3571 Nenia,
405 3509 485 3574 quae
506 3510 642 3574 regnum
662 3493 747 3556 recte
768 3490 959 3556 facientibus
981 3487 1087 3572 offert,

1279 1882 1284 1961 l
