2610 4028
22 746 24 761 '
82 750 84 755 ’
134 745 196 812 cui
217 743 386 830 pulchrum
407 745 470 809 fuit
489 745 526 809 in
546 744 668 809 medios

60 204 64 215 ⁴
136 252 183 322 n]
538 246 646 332 niara
664 249 686 306 1.
1040 244 1100 313 189

135 410 278 476 Vixisset
298 407 386 474 canis
406 407 578 473 inmundus
599 411 651 474 vel
671 410 773 475 amica
793 411 861 476 luto
883 433 959 491 sus⁸¹
983 478 986 486 Δ

135 495 211 561 Nos
225 513 376 558 numerus
398 514 506 558 sumus
529 494 561 556 et
581 493 690 580 fruges
712 514 897 561 consumere
918 497 1003 580 nati,
1058 538 1060 545 ,

136 578 253 663 Sponsi
273 576 393 642 Penelc
417 597 469 660 ae,
491 576 683 661 nebulones,
705 578 896 663 Alcinoique

135 661 175 727 In
197 667 269 727 cute
291 682 390 726 curan
451 660 524 745 plus
545 682 647 744 aequo
670 664 802 809 operata
821 663 982 811 iupientust,

711 766 827 811 ormne
882 769 915 811 es
938 770 956 811 e
1064 763 1099 812 30

134 829 188 894 Ad
209 833 273 894 stre
295 829 377 893 itum
398 828 538 893 citharae
550 832 728 895 cessantem
749 829 863 895 ducere
877 852 1033 896 somnum.
1146 900 1150 907 ,

135 913 180 978 Vt
193 852 341 998 iuquient
361 912 536 995 hominem,
560 916 696 998 surgunt
710 913 857 979 densete
878 915 1034 981 labores:

134 996 180 1063 Vt
200 1000 233 1062 te
254 997 361 1081 ipsum
382 1017 502 1079 serves,
524 1018 592 1061 non
613 997 862 1082 expergisceris?
901 1000 1001 1084 Atqui

136 1080 171 1146 Si
191 1080 283 1146 noles
304 1102 416 1164 sanus,
439 1101 545 1145 curres
567 1079 774 1166 hydropicus3
797 1085 829 1146 et
849 1084 884 1146 ni

103 1243 106 1250 Ι
134 1165 252 1230 Posces
273 1167 348 1228 ante
370 1163 454 1229 diem
474 1164 593 1239 librum
614 1185 686 1230 cum
707 1165 843 1249 lumine,
866 1167 894 1230 si
914 1184 980 1231 non
1065 1181 1123 1241 ets⁴
1166 1228 1169 1231 ,

132 1245 286 1319 Intendes
308 1248 450 1312 animum
471 1248 584 1313 studiis
607 1251 639 1313 et
658 1248 753 1313 rebus
774 1249 932 1333 honestis,

134 1330 260 1397 Invidia
280 1332 333 1396 vel
352 1353 461 1396 amore
480 1331 562 1418 vigil
581 1332 779 1416 torquebere.
817 1333 850 1399 N
852 1355 904 1398 am
926 1355 996 1418 cur,

62 1472 65 1478 .
136 1416 223 1492 Quae
245 1415 376 1480 laedunt
397 1416 539 1498 oculum,
561 1415 694 1485 festinas
717 1415 856 1502 demere3
879 1417 984 1501 siquid
1116 1453 1119 1459 ·

134 1499 195 1565 Est
216 1500 373 1583 animum,
395 1499 504 1564 differs
526 1499 658 1564 curandi
678 1502 805 1583 tempus
826 1500 863 1564 iu
883 1502 1024 1567 annum?
1065 1523 1069 1529 ·

134 1582 311 1649 Dimidium
331 1584 425 1666 facti,
447 1585 502 1667 qui
523 1605 580 1649 coe
603 1585 643 1668 it,
665 1582 776 1649 habet:
800 1606 910 1668 sapere
933 1585 1025 1671 aude3
1064 1600 1098 1649 40

135 1666 255 1753 Incipe.
299 1666 360 1744 Qui
381 1671 466 1732 recte
487 1668 583 1733 visen
607 1668 614 1682 ‘
636 1671 791 1753 prorogat
810 1668 946 1752 horam‚⁴
1146 1720 1150 1726 .

134 1751 284 1817 Rusticus
307 1753 481 1835 exspectat,
504 1751 580 1816 dum
601 1751 718 1817 defluat
738 1753 856 1838 amnis3
879 1753 989 1819 atille

135 1834 268 1901 Labitur
289 1838 321 1900 ct
342 1836 467 1903 labetur
486 1836 524 1900 in
544 1857 638 1903 omne
659 1834 808 1902 volubilis
830 1858 951 1903 aevum.
1029 1913 1032 1920 ¹

86 1980 88 1984 .
136 1919 305 1996 Quaeritur
326 1923 495 2006 argentum
515 1921 685 2004 puerisque
705 1921 801 1986 beata
822 1922 966 1987 creandis

134 2003 238 2087 onr,
261 2007 294 2069 et
314 2004 453 2069 incultae
473 2007 628 2089 pacantur
648 2025 776 2069 vomere
797 2006 911 2070 silvae:
1064 2019 1120 2069 45·
1152 2010 1158 2019 '

135 2088 227 2163 Quod
247 2087 325 2153 satis
340 2091 389 2153 cst
410 2089 462 2154 cui
475 2088 652 2173 confingit,
674 2087 757 2153 nihil
778 2089 914 2172 amplius
936 2092 1033 2173 optet.
1084 2169 1087 2175 ,

134 2171 213 2238 Non
233 2171 346 2237 domus
368 2172 553 2254 ebtardus,
575 2192 643 2236 non
664 2173 745 2236 aeris
762 2193 892 2237 acervus
914 2175 947 2236 et
967 2175 1035 2237 auri

22 2322 24 2341 ξ
134 2257 279 2342 Aegroto
301 2256 423 2321 demini
444 2255 575 2322 deduxit
595 2275 727 2339 corpore
747 2254 868 2338 febres,

22 2346 23 2377 ¹
67 2407 69 2410 ,
134 2339 212 2406 Non
233 2340 340 2407 animo
364 2360 470 2405 curas:
491 2340 596 2405 valeat
618 2360 783 2424 possessor
803 2341 945 2424 oportet,

135 2422 170 2508 Si
192 2423 389 2508 conportatis
410 2423 505 2489 rebus
526 2423 607 2489 bene
629 2423 752 2509 cogitat
771 2424 826 2489 uti.
1065 2437 1099 2489 sc

134 2507 198 2583 Qui
212 2508 302 2592 cupit
314 2510 370 2573 aut
382 2508 512 2591 metuit,
526 2509 615 2575 iuvat
627 2508 719 2572 illum
733 2508 779 2572 sic
794 2507 907 2573 domus
922 2511 954 2572 e't
967 2530 1034 2593 res,

134 2590 180 2657 Vt
200 2591 249 2676 lip
270 2614 326 2659 um
344 2592 450 2690 pictae
470 2592 613 2677 tabulae,
634 2592 778 2661 fomenta
797 2592 992 2741 podagrum,

133 2676 235 2741 Aurio
289 2698 305 2740 s
326 2675 466 2741 citharae
489 2676 623 2741 collecta
644 2675 737 2741 sorde
758 2676 801 2741 do
814 2680 913 2742 entes.

132 2759 333 2826 Sinccrumst
346 2759 410 2825 nisi
423 2782 495 2845 vas,
517 2760 737 2845 quodcumque
750 2761 892 2825 infundis
907 2762 1033 2825 acescit

102 2894 105 2899 Δ
133 2843 257 2929 Sperne
277 2845 472 2928 uoluptates:
493 2847 590 2909 nocet
610 2848 719 2928 empta
739 2842 849 2908 dolore
869 2844 1026 2928 voluptas.
1061 2857 1098 2906 'ss
1137 2924 1139 2928 Α

133 2927 209 2993 Sem
233 2950 267 2993 er
288 2941 402 2994 avarus
423 2930 510 3014 eget:
531 2930 653 2994 ¹certum
674 2930 752 2993 voto
768 2930 843 3012 pete
862 2927 969 2993 finem.

132 2951 266 3078 Inviius
288 3012 418 3079 alterium
438 3014 606 3078 macrescit
626 3013 719 3078 rebus
741 3011 873 3098 opimis;
1060 3026 1062 3031 '

132 3094 261 3161 Invidia
282 3096 382 3162 siculi
402 3118 469 3162 non
490 3098 640 3163 invenere
659 3096 789 3180 tyranni

133 3178 240 3246 Maius
259 3182 464 3247 tormentum
509 3179 571 3257 Qui
591 3202 659 3246 non
679 3181 894 3246 moderabitur
915 3181 995 3263 irae,

132 3262 293 3351 Infectam
306 3264 394 3329 volet
407 3286 490 3348 esse,
513 3264 605 3330 dolor
625 3264 709 3349 quod
731 3265 866 3330 suaserit
879 3267 912 3329 et
925 3286 1030 3348 mens,
1064 3277 1097 3328 60

132 3345 220 3413 Dum
240 3369 362 3433 poenas
383 3348 457 3414 odic
477 3370 536 3432 per
556 3348 623 3413 vim
643 3348 906 3414 festinatffinulto.
995 3425 1001 3431 .

132 3428 187 3495 Ira
206 3433 297 3498 furor
309 3432 414 3498 brevis
429 3436 494 3498 est:
515 3432 656 3497 animum
670 3452 761 3519 rege3
784 3432 838 3517 qui
852 3431 916 3496 nisi
925 3435 1030 3516 peret,

132 3513 289 3601 Imperat:
311 3515 398 3581 hunc
418 3517 533 3603 frenis,
554 3515 641 3582 hunc
661 3519 701 3581 tu·
719 3536 873 3601 conpesce
895 3519 1017 3583 catena.
