<?xml version="1.0" encoding="UTF-8"?>
<!DOCTYPE html PUBLIC "-//W3C//DTD XHTML 1.0 Transitional//EN"
    "http://www.w3.org/TR/xhtml1/DTD/xhtml1-transitional.dtd">
<html xmlns="http://www.w3.org/1999/xhtml" xml:lang="en" lang="en">
 <head>
  <title>
</title>
<meta http-equiv="Content-Type" content="text/html;charset=utf-8" />
  <meta name='ocr-system' content='tesseract 3.04.00' />
  <meta name='ocr-capabilities' content='ocr_page ocr_carea ocr_par ocr_line ocrx_word'/>
</head>
<body>
  <div class='ocr_page' id='page_1' title='image "./qhoratiiflacica00mlgoog_0108.png"; bbox 0 0 2600 4026; ppageno 0'>
   <div class='ocr_carea' id='block_1_1' title="bbox 138 228 265 300">
    <p class='ocr_par' dir='ltr' id='par_1_1' title="bbox 138 228 265 300">
     <span class='ocr_line' id='line_1_1' title="bbox 138 228 265 300; baseline 0.024 -19"><span class='ocrx_word' id='word_1_1' title='bbox 138 228 265 300; x_wconf 84' lang='lat' dir='ltr'><strong>xxuu]</strong></span> 
     </span>
    </p>
   </div>
   <div class='ocr_carea' id='block_1_2' title="bbox 65 1 296 55">
    <p class='ocr_par' dir='ltr' id='par_1_2' title="bbox 65 1 296 55">
     <span class='ocr_line' id='line_1_2' title="bbox 65 1 296 55; baseline 0 -34"><span class='ocrx_word' id='word_1_2' title='bbox 65 3 106 55; x_wconf 52' lang='grc' dir='ltr'><strong>,μ</strong></span> <span class='ocrx_word' id='word_1_3' title='bbox 121 8 134 19; x_wconf 77' lang='grc' dir='ltr'><strong>ι.</strong></span> <span class='ocrx_word' id='word_1_4' title='bbox 179 1 204 4; x_wconf 64' lang='grc'><strong>’“</strong></span> <span class='ocrx_word' id='word_1_5' title='bbox 218 1 233 4; x_wconf 26' lang='lat' dir='ltr'>ff</span> <span class='ocrx_word' id='word_1_6' title='bbox 279 1 296 2; x_wconf 50' lang='lat'><strong>‘⁷</strong></span> 
     </span>
    </p>
   </div>
   <div class='ocr_carea' id='block_1_3' title="bbox 546 227 777 293">
    <p class='ocr_par' dir='ltr' id='par_1_3' title="bbox 546 227 777 293">
     <span class='ocr_line' id='line_1_3' title="bbox 546 227 777 293; baseline 0.009 -12"><span class='ocrx_word' id='word_1_7' title='bbox 546 227 655 293; x_wconf 78' lang='lat' dir='ltr'>LIBER</span> <span class='ocrx_word' id='word_1_8' title='bbox 675 227 697 283; x_wconf 82' lang='grc' dir='ltr'><strong>Ι.</strong></span> <span class='ocrx_word' id='word_1_9' title='bbox 773 261 777 270; x_wconf 70' lang='grc'><em>»</em></span> 
     </span>
    </p>
   </div>
   <div class='ocr_carea' id='block_1_4' title="bbox 291 387 1103 725">
    <p class='ocr_par' dir='ltr' id='par_1_4' title="bbox 291 387 931 641">
     <span class='ocr_line' id='line_1_4' title="bbox 291 387 923 472; baseline 0 -18"><span class='ocrx_word' id='word_1_10' title='bbox 291 387 367 454; x_wconf 90' lang='lat' dir='ltr'><strong>Non</strong></span> <span class='ocrx_word' id='word_1_11' title='bbox 388 388 470 453; x_wconf 87' lang='lat' dir='ltr'><strong>lenis</strong></span> <span class='ocrx_word' id='word_1_12' title='bbox 492 388 639 472; x_wconf 85' lang='lat' dir='ltr'><strong>precibus</strong></span> <span class='ocrx_word' id='word_1_13' title='bbox 659 389 728 453; x_wconf 83' lang='lat' dir='ltr'><strong>fata</strong></span> <span class='ocrx_word' id='word_1_14' title='bbox 747 388 923 472; x_wconf 75' lang='lat' dir='ltr'><strong>recludere,</strong></span> 
     </span>
     <span class='ocr_line' id='line_1_5' title="bbox 291 472 931 558; baseline 0.002 -21"><span class='ocrx_word' id='word_1_15' title='bbox 291 473 395 558; x_wconf 85' lang='lat' dir='ltr'><strong>Nigro</strong></span> <span class='ocrx_word' id='word_1_16' title='bbox 418 473 598 556; x_wconf 75' lang='lat' dir='ltr'><strong>conpulerit</strong></span> <span class='ocrx_word' id='word_1_17' title='bbox 617 472 795 538; x_wconf 75' lang='lat' dir='ltr'><strong>Memmius</strong></span> <span class='ocrx_word' id='word_1_18' title='bbox 856 473 931 558; x_wconf 86' lang='lat' dir='ltr'><strong>egi?</strong></span> 
     </span>
     <span class='ocr_line' id='line_1_6' title="bbox 291 495 878 641; baseline -0.002 -19"><span class='ocrx_word' id='word_1_19' title='bbox 291 555 429 622; x_wconf 86' lang='lat' dir='ltr'><strong>Durum:</strong></span> <span class='ocrx_word' id='word_1_20' title='bbox 452 555 507 621; x_wconf 87' lang='lat' dir='ltr'><strong>sed</strong></span> <span class='ocrx_word' id='word_1_21' title='bbox 529 557 628 622; x_wconf 88' lang='lat' dir='ltr'><strong>levius</strong></span> <span class='ocrx_word' id='word_1_22' title='bbox 650 557 688 620; x_wconf 86' lang='lat' dir='ltr'><strong>fit</strong></span> <span class='ocrx_word' id='word_1_23' title='bbox 707 495 878 641; x_wconf 44' lang='lat' dir='ltr'><strong>patienda</strong></span> 
     </span>
    </p>

    <p class='ocr_par' dir='ltr' id='par_1_5' title="bbox 342 639 1103 725">
     <span class='ocr_line' id='line_1_7' title="bbox 342 639 1103 725; baseline -0.003 -20"><span class='ocrx_word' id='word_1_24' title='bbox 342 639 504 724; x_wconf 77' lang='lat' dir='ltr'><strong>Quidquid</strong></span> <span class='ocrx_word' id='word_1_25' title='bbox 525 641 715 725; x_wconf 84' lang='lat' dir='ltr'><strong>corrigerest</strong></span> <span class='ocrx_word' id='word_1_26' title='bbox 735 641 836 706; x_wconf 89' lang='lat' dir='ltr'><strong>nefas.</strong></span> <span class='ocrx_word' id='word_1_27' title='bbox 1068 654 1103 704; x_wconf 80' lang='lat'><strong>20</strong></span> 
     </span>
    </p>
   </div>
   <div class='ocr_carea' id='block_1_5' title="bbox 292 911 914 1129">
    <p class='ocr_par' dir='ltr' id='par_1_6' title="bbox 292 911 914 1129">
     <span class='ocr_line' id='line_1_8' title="bbox 562 911 671 987; baseline -0.009 0"><span class='ocrx_word' id='word_1_28' title='bbox 562 911 671 987; x_wconf 87' lang='lat' dir='ltr'>XXV.</span> 
     </span>
     <span class='ocr_line' id='line_1_9' title="bbox 292 1043 914 1129; baseline 0.002 -20"><span class='ocrx_word' id='word_1_29' title='bbox 292 1043 421 1110; x_wconf 85' lang='lat' dir='ltr'><strong>Parcius</strong></span> <span class='ocrx_word' id='word_1_30' title='bbox 442 1044 567 1109; x_wconf 89' lang='lat' dir='ltr'><strong>iunctas</strong></span> <span class='ocrx_word' id='word_1_31' title='bbox 590 1046 738 1129; x_wconf 83' lang='lat' dir='ltr'><strong>quatiunt</strong></span> <span class='ocrx_word' id='word_1_32' title='bbox 757 1045 914 1110; x_wconf 83' lang='lat' dir='ltr'><strong>fenestras</strong></span> 
     </span>
    </p>
   </div>
   <div class='ocr_carea' id='block_1_6' title="bbox 292 1127 900 1212">
    <p class='ocr_par' dir='ltr' id='par_1_7' title="bbox 292 1127 900 1212">
     <span class='ocr_line' id='line_1_10' title="bbox 292 1127 900 1212; baseline 0 -19"><span class='ocrx_word' id='word_1_33' title='bbox 292 1127 432 1193; x_wconf 83' lang='lat' dir='ltr'><strong>lactibus</strong></span> <span class='ocrx_word' id='word_1_34' title='bbox 454 1127 573 1193; x_wconf 79' lang='lat' dir='ltr'><strong>crebris</strong></span> <span class='ocrx_word' id='word_1_35' title='bbox 594 1129 723 1193; x_wconf 84' lang='lat' dir='ltr'><strong>invenes</strong></span> <span class='ocrx_word' id='word_1_36' title='bbox 745 1129 900 1212; x_wconf 83' lang='lat' dir='ltr'><strong>protervi,</strong></span> 
     </span>
    </p>
   </div>
   <div class='ocr_carea' id='block_1_7' title="bbox 292 1212 945 1380">
    <p class='ocr_par' dir='ltr' id='par_1_8' title="bbox 292 1212 945 1380">
     <span class='ocr_line' id='line_1_11' title="bbox 292 1212 945 1298; baseline -0.002 -20"><span class='ocrx_word' id='word_1_37' title='bbox 292 1212 360 1278; x_wconf 89' lang='lat' dir='ltr'><strong>Nec</strong></span> <span class='ocrx_word' id='word_1_38' title='bbox 381 1212 442 1278; x_wconf 91' lang='lat' dir='ltr'><strong>tibi</strong></span> <span class='ocrx_word' id='word_1_39' title='bbox 463 1233 594 1277; x_wconf 89' lang='lat' dir='ltr'><strong>somnos</strong></span> <span class='ocrx_word' id='word_1_40' title='bbox 616 1212 775 1297; x_wconf 84' lang='lat' dir='ltr'><strong>adimunt,</strong></span> <span class='ocrx_word' id='word_1_41' title='bbox 797 1217 945 1298; x_wconf 81' lang='lat' dir='ltr'><strong>amatque</strong></span> 
     </span>
     <span class='ocr_line' id='line_1_12' title="bbox 343 1295 579 1380; baseline -0.004 -19"><span class='ocrx_word' id='word_1_42' title='bbox 343 1295 444 1361; x_wconf 85' lang='lat' dir='ltr'><strong>Ianua</strong></span> <span class='ocrx_word' id='word_1_43' title='bbox 465 1297 579 1380; x_wconf 85' lang='lat' dir='ltr'><strong>limen,</strong></span> 
     </span>
    </p>
   </div>
   <div class='ocr_carea' id='block_1_8' title="bbox 181 1379 1102 1515">
    <p class='ocr_par' dir='ltr' id='par_1_9' title="bbox 181 1379 1102 1515">
     <span class='ocr_line' id='line_1_13' title="bbox 181 1379 1102 1515; baseline -0.002 -19"><span class='ocrx_word' id='word_1_44' title='bbox 181 1379 186 1390; x_wconf 33' lang='grc' dir='ltr'>Ι</span> <span class='ocrx_word' id='word_1_45' title='bbox 293 1429 380 1506; x_wconf 82' lang='lat' dir='ltr'><strong>Quae</strong></span> <span class='ocrx_word' id='word_1_46' title='bbox 401 1431 490 1515; x_wconf 83' lang='lat' dir='ltr'><strong>prius</strong></span> <span class='ocrx_word' id='word_1_47' title='bbox 511 1431 648 1496; x_wconf 89' lang='lat' dir='ltr'><strong>multum</strong></span> <span class='ocrx_word' id='word_1_48' title='bbox 668 1431 772 1496; x_wconf 86' lang='lat' dir='ltr'><strong>facilis</strong></span> <span class='ocrx_word' id='word_1_49' title='bbox 793 1432 944 1496; x_wconf 88' lang='lat' dir='ltr'><strong>movebat</strong></span> <span class='ocrx_word' id='word_1_50' title='bbox 1084 1445 1102 1494; x_wconf 79' lang='lat' dir='ltr'><strong>t</strong></span> 
     </span>
    </p>
   </div>
   <div class='ocr_carea' id='block_1_9' title="bbox 293 1514 995 1766">
    <p class='ocr_par' dir='ltr' id='par_1_10' title="bbox 293 1514 995 1766">
     <span class='ocr_line' id='line_1_14' title="bbox 293 1514 995 1580; baseline 0.001 -1"><span class='ocrx_word' id='word_1_51' title='bbox 293 1515 455 1580; x_wconf 81' lang='lat' dir='ltr'><strong>Cardines.</strong></span> <span class='ocrx_word' id='word_1_52' title='bbox 488 1514 591 1579; x_wconf 85' lang='lat' dir='ltr'><strong>Audis</strong></span> <span class='ocrx_word' id='word_1_53' title='bbox 611 1516 718 1580; x_wconf 89' lang='lat' dir='ltr'><strong>minus</strong></span> <span class='ocrx_word' id='word_1_54' title='bbox 735 1518 768 1579; x_wconf 89' lang='lat' dir='ltr'><strong>et</strong></span> <span class='ocrx_word' id='word_1_55' title='bbox 787 1515 893 1580; x_wconf 89' lang='lat' dir='ltr'><strong>minus</strong></span> <span class='ocrx_word' id='word_1_56' title='bbox 915 1517 995 1580; x_wconf 90' lang='lat' dir='ltr'><strong>iam:</strong></span> 
     </span>
     <span class='ocr_line' id='line_1_15' title="bbox 293 1597 891 1684; baseline 0 -21"><span class='ocrx_word' id='word_1_57' title='bbox 293 1597 433 1663; x_wconf 83' lang='lat' dir='ltr'><strong>‘Metuo</strong></span> <span class='ocrx_word' id='word_1_58' title='bbox 455 1598 570 1684; x_wconf 84' lang='lat' dir='ltr'><strong>longas</strong></span> <span class='ocrx_word' id='word_1_59' title='bbox 591 1602 744 1682; x_wconf 84' lang='lat' dir='ltr'><strong>pereunte</strong></span> <span class='ocrx_word' id='word_1_60' title='bbox 764 1602 891 1682; x_wconf 78' lang='lat' dir='ltr'><strong>noctes,</strong></span> 
     </span>
     <span class='ocr_line' id='line_1_16' title="bbox 340 1681 633 1766; baseline 0 -20"><span class='ocrx_word' id='word_1_61' title='bbox 340 1681 456 1766; x_wconf 78' lang='lat' dir='ltr'><strong>Lydia,</strong></span> <span class='ocrx_word' id='word_1_62' title='bbox 479 1682 633 1746; x_wconf 72' lang='lat' dir='ltr'><strong>dormisv’</strong></span> 
     </span>
    </p>
   </div>
   <div class='ocr_carea' id='block_1_10' title="bbox 187 1815 1135 1995">
    <p class='ocr_par' dir='ltr' id='par_1_11' title="bbox 187 1815 1135 1995">
     <span class='ocr_line' id='line_1_17' title="bbox 291 1815 915 1902; baseline 0.003 -22"><span class='ocrx_word' id='word_1_63' title='bbox 291 1815 433 1881; x_wconf 86' lang='lat' dir='ltr'><strong>Invicem</strong></span> <span class='ocrx_word' id='word_1_64' title='bbox 453 1816 604 1881; x_wconf 88' lang='lat' dir='ltr'><strong>moechos</strong></span> <span class='ocrx_word' id='word_1_65' title='bbox 627 1839 707 1882; x_wconf 87' lang='lat' dir='ltr'><strong>anus</strong></span> <span class='ocrx_word' id='word_1_66' title='bbox 728 1819 915 1902; x_wconf 70' lang='lat' dir='ltr'><strong>arrogantes</strong></span> 
     </span>
     <span class='ocr_line' id='line_1_18' title="bbox 187 1899 1135 1995; baseline 0 -31"><span class='ocrx_word' id='word_1_67' title='bbox 187 1967 193 1973; x_wconf 73' lang='grc'><strong>,</strong></span> <span class='ocrx_word' id='word_1_68' title='bbox 291 1899 397 1967; x_wconf 77' lang='lat' dir='ltr'><strong>Flebis</strong></span> <span class='ocrx_word' id='word_1_69' title='bbox 418 1900 454 1964; x_wconf 94' lang='lat' dir='ltr'><strong>in</strong></span> <span class='ocrx_word' id='word_1_70' title='bbox 475 1901 544 1965; x_wconf 87' lang='lat' dir='ltr'><strong>solo</strong></span> <span class='ocrx_word' id='word_1_71' title='bbox 567 1900 645 1965; x_wconf 91' lang='lat' dir='ltr'><strong>levis</strong></span> <span class='ocrx_word' id='word_1_72' title='bbox 667 1902 854 1986; x_wconf 79' lang='lat' dir='ltr'><strong>angiportu,</strong></span> <span class='ocrx_word' id='word_1_73' title='bbox 1070 1916 1103 1964; x_wconf 82' lang='grc' dir='ltr'><strong>ιο</strong></span> <span class='ocrx_word' id='word_1_74' title='bbox 1128 1984 1135 1995; x_wconf 93' lang='lat'><strong><em>.</em></strong></span> 
     </span>
    </p>
   </div>
   <div class='ocr_carea' id='block_1_11' title="bbox 292 1983 949 2152">
    <p class='ocr_par' dir='ltr' id='par_1_12' title="bbox 292 1983 949 2152">
     <span class='ocr_line' id='line_1_19' title="bbox 292 1983 949 2070; baseline 0.003 -22"><span class='ocrx_word' id='word_1_75' title='bbox 292 1983 425 2048; x_wconf 72' lang='lat' dir='ltr'><strong>Thracio</strong></span> <span class='ocrx_word' id='word_1_76' title='bbox 448 1983 624 2050; x_wconf 76' lang='lat' dir='ltr'><strong>bacchante</strong></span> <span class='ocrx_word' id='word_1_77' title='bbox 645 1986 749 2070; x_wconf 84' lang='lat' dir='ltr'><strong>magis</strong></span> <span class='ocrx_word' id='word_1_78' title='bbox 772 1987 831 2050; x_wconf 89' lang='lat' dir='ltr'><strong>snb</strong></span> <span class='ocrx_word' id='word_1_79' title='bbox 852 1987 949 2050; x_wconf 88' lang='lat' dir='ltr'><strong>inter·</strong></span> 
     </span>
     <span class='ocr_line' id='line_1_20' title="bbox 342 2068 563 2152; baseline 0.009 -21"><span class='ocrx_word' id='word_1_80' title='bbox 342 2068 431 2132; x_wconf 91' lang='lat' dir='ltr'><strong>lunia</strong></span> <span class='ocrx_word' id='word_1_81' title='bbox 450 2072 563 2152; x_wconf 86' lang='lat' dir='ltr'><strong>ventc,</strong></span> 
     </span>
    </p>
   </div>
   <div class='ocr_carea' id='block_1_12' title="bbox 292 2200 1101 2540">
    <p class='ocr_par' dir='ltr' id='par_1_13' title="bbox 292 2200 916 2288">
     <span class='ocr_line' id='line_1_21' title="bbox 292 2200 916 2288; baseline 0.002 -21"><span class='ocrx_word' id='word_1_82' title='bbox 292 2200 373 2267; x_wconf 82' lang='lat' dir='ltr'><strong>Oum</strong></span> <span class='ocrx_word' id='word_1_83' title='bbox 393 2202 454 2268; x_wconf 87' lang='lat' dir='ltr'><strong>tibi</strong></span> <span class='ocrx_word' id='word_1_84' title='bbox 474 2202 615 2288; x_wconf 84' lang='lat' dir='ltr'><strong>flagrans</strong></span> <span class='ocrx_word' id='word_1_85' title='bbox 637 2225 727 2268; x_wconf 88' lang='lat' dir='ltr'><strong>amor</strong></span> <span class='ocrx_word' id='word_1_86' title='bbox 748 2207 781 2268; x_wconf 92' lang='lat' dir='ltr'><strong>et</strong></span> <span class='ocrx_word' id='word_1_87' title='bbox 800 2204 916 2288; x_wconf 82' lang='lat' dir='ltr'><strong>libido,</strong></span> 
     </span>
    </p>

    <p class='ocr_par' dir='ltr' id='par_1_14' title="bbox 292 2285 949 2371">
     <span class='ocr_line' id='line_1_22' title="bbox 292 2285 949 2371; baseline 0 -20"><span class='ocrx_word' id='word_1_88' title='bbox 292 2285 378 2361; x_wconf 81' lang='lat' dir='ltr'><strong>Quae</strong></span> <span class='ocrx_word' id='word_1_89' title='bbox 400 2286 483 2351; x_wconf 89' lang='lat' dir='ltr'><strong>solet</strong></span> <span class='ocrx_word' id='word_1_90' title='bbox 502 2292 620 2352; x_wconf 89' lang='lat' dir='ltr'><strong>matres</strong></span> <span class='ocrx_word' id='word_1_91' title='bbox 641 2288 760 2352; x_wconf 77' lang='lat' dir='ltr'><strong>finiere</strong></span> <span class='ocrx_word' id='word_1_92' title='bbox 782 2308 949 2371; x_wconf 87' lang='lat' dir='ltr'><strong>equorum,</strong></span> 
     </span>
    </p>

    <p class='ocr_par' dir='ltr' id='par_1_15' title="bbox 292 2367 1101 2540">
     <span class='ocr_line' id='line_1_23' title="bbox 292 2367 1101 2455; baseline 0.001 -20"><span class='ocrx_word' id='word_1_93' title='bbox 292 2367 418 2435; x_wconf 80' lang='lat' dir='ltr'><strong>Saeviet</strong></span> <span class='ocrx_word' id='word_1_94' title='bbox 439 2371 523 2436; x_wconf 88' lang='lat' dir='ltr'><strong>eirca</strong></span> <span class='ocrx_word' id='word_1_95' title='bbox 543 2372 631 2436; x_wconf 88' lang='lat' dir='ltr'><strong>iecur</strong></span> <span class='ocrx_word' id='word_1_96' title='bbox 652 2371 843 2455; x_wconf 82' lang='lat' dir='ltr'><strong>ulcerosum,</strong></span> <span class='ocrx_word' id='word_1_97' title='bbox 1070 2386 1101 2436; x_wconf 74' lang='lat'><strong>15</strong></span> 
     </span>
     <span class='ocr_line' id='line_1_24' title="bbox 340 2454 658 2540; baseline 0 -20"><span class='ocrx_word' id='word_1_98' title='bbox 340 2454 417 2520; x_wconf 90' lang='lat' dir='ltr'><strong>Non</strong></span> <span class='ocrx_word' id='word_1_99' title='bbox 440 2455 508 2520; x_wconf 87' lang='lat' dir='ltr'><strong>sine</strong></span> <span class='ocrx_word' id='word_1_100' title='bbox 530 2459 658 2540; x_wconf 84' lang='lat' dir='ltr'><strong>questu,</strong></span> 
     </span>
    </p>
   </div>
   <div class='ocr_carea' id='block_1_13' title="bbox 289 2587 928 2907">
    <p class='ocr_par' dir='ltr' id='par_1_16' title="bbox 290 2587 892 2673">
     <span class='ocr_line' id='line_1_25' title="bbox 290 2587 892 2673; baseline 0.005 -21"><span class='ocrx_word' id='word_1_101' title='bbox 290 2587 390 2653; x_wconf 83' lang='lat' dir='ltr'><strong>Laeta</strong></span> <span class='ocrx_word' id='word_1_102' title='bbox 411 2589 496 2673; x_wconf 90' lang='lat' dir='ltr'><strong>quod</strong></span> <span class='ocrx_word' id='word_1_103' title='bbox 517 2590 617 2673; x_wconf 90' lang='lat' dir='ltr'><strong>pubes</strong></span> <span class='ocrx_word' id='word_1_104' title='bbox 637 2590 755 2655; x_wconf 89' lang='lat' dir='ltr'><strong>hedera</strong></span> <span class='ocrx_word' id='word_1_105' title='bbox 775 2590 892 2657; x_wconf 87' lang='lat' dir='ltr'><strong>virenti</strong></span> 
     </span>
    </p>

    <p class='ocr_par' dir='ltr' id='par_1_17' title="bbox 292 2671 928 2759">
     <span class='ocr_line' id='line_1_26' title="bbox 292 2671 928 2759; baseline 0.003 -21"><span class='ocrx_word' id='word_1_106' title='bbox 292 2671 436 2738; x_wconf 82' lang='lat' dir='ltr'><strong>Gaudeat</strong></span> <span class='ocrx_word' id='word_1_107' title='bbox 455 2674 545 2758; x_wconf 89' lang='lat' dir='ltr'><strong>pulla</strong></span> <span class='ocrx_word' id='word_1_108' title='bbox 564 2674 669 2759; x_wconf 83' lang='lat' dir='ltr'><strong>magis</strong></span> <span class='ocrx_word' id='word_1_109' title='bbox 691 2677 786 2759; x_wconf 87' lang='lat' dir='ltr'><strong>atque</strong></span> <span class='ocrx_word' id='word_1_110' title='bbox 806 2678 928 2759; x_wconf 81' lang='lat' dir='ltr'><strong>myrto,</strong></span> 
     </span>
    </p>

    <p class='ocr_par' dir='ltr' id='par_1_18' title="bbox 289 2757 816 2907">
     <span class='ocr_line' id='line_1_27' title="bbox 289 2757 816 2823; baseline 0.006 -3"><span class='ocrx_word' id='word_1_111' title='bbox 289 2757 405 2821; x_wconf 83' lang='lat' dir='ltr'><strong>Aridas</strong></span> <span class='ocrx_word' id='word_1_112' title='bbox 426 2757 557 2822; x_wconf 83' lang='lat' dir='ltr'><strong>frondes</strong></span> <span class='ocrx_word' id='word_1_113' title='bbox 577 2758 692 2823; x_wconf 90' lang='lat' dir='ltr'><strong>hiemis</strong></span> <span class='ocrx_word' id='word_1_114' title='bbox 715 2758 816 2823; x_wconf 89' lang='lat' dir='ltr'><strong>sodali</strong></span> 
     </span>
     <span class='ocr_line' id='line_1_28' title="bbox 339 2838 594 2907; baseline 0 -2"><span class='ocrx_word' id='word_1_115' title='bbox 339 2838 476 2906; x_wconf 90' lang='lat' dir='ltr'><strong>Dedicet</strong></span> <span class='ocrx_word' id='word_1_116' title='bbox 495 2841 594 2907; x_wconf 80' lang='lat' dir='ltr'><strong>Euro.</strong></span> 
     </span>
    </p>
   </div>
   <div class='ocr_carea' id='block_1_14' title="bbox 550 3112 679 3188">
    <p class='ocr_par' dir='ltr' id='par_1_19' title="bbox 550 3112 679 3188">
     <span class='ocr_line' id='line_1_29' title="bbox 550 3112 679 3188; baseline 0.008 -1"><span class='ocrx_word' id='word_1_117' title='bbox 550 3112 679 3188; x_wconf 87' lang='lat' dir='ltr'>XXVI.</span> 
     </span>
    </p>
   </div>
   <div class='ocr_carea' id='block_1_15' title="bbox 288 3241 946 3412">
    <p class='ocr_par' dir='ltr' id='par_1_20' title="bbox 288 3241 946 3412">
     <span class='ocr_line' id='line_1_30' title="bbox 288 3241 897 3311; baseline 0 -3"><span class='ocrx_word' id='word_1_118' title='bbox 288 3241 390 3309; x_wconf 89' lang='lat' dir='ltr'><strong>Musis</strong></span> <span class='ocrx_word' id='word_1_119' title='bbox 412 3245 532 3309; x_wconf 88' lang='lat' dir='ltr'><strong>amicus</strong></span> <span class='ocrx_word' id='word_1_120' title='bbox 552 3245 717 3309; x_wconf 84' lang='lat' dir='ltr'><strong>tristitiam</strong></span> <span class='ocrx_word' id='word_1_121' title='bbox 738 3248 773 3311; x_wconf 89' lang='lat' dir='ltr'><strong>et</strong></span> <span class='ocrx_word' id='word_1_122' title='bbox 793 3248 897 3309; x_wconf 89' lang='lat' dir='ltr'><strong>metus</strong></span> 
     </span>
     <span class='ocr_line' id='line_1_31' title="bbox 289 3325 946 3412; baseline 0 -20"><span class='ocrx_word' id='word_1_123' title='bbox 289 3325 427 3392; x_wconf 79' lang='lat' dir='ltr'><strong>Tradam</strong></span> <span class='ocrx_word' id='word_1_124' title='bbox 447 3330 604 3412; x_wconf 88' lang='lat' dir='ltr'><strong>protervis</strong></span> <span class='ocrx_word' id='word_1_125' title='bbox 625 3329 661 3392; x_wconf 90' lang='lat' dir='ltr'><strong>in</strong></span> <span class='ocrx_word' id='word_1_126' title='bbox 681 3351 769 3393; x_wconf 86' lang='lat' dir='ltr'><strong>mare</strong></span> <span class='ocrx_word' id='word_1_127' title='bbox 787 3328 946 3395; x_wconf 84' lang='lat' dir='ltr'><strong>Oreticum</strong></span> 
     </span>
    </p>
   </div>
   <div class='ocr_carea' id='block_1_16' title="bbox 338 3411 895 3580">
    <p class='ocr_par' dir='ltr' id='par_1_21' title="bbox 338 3411 895 3580">
     <span class='ocr_line' id='line_1_32' title="bbox 338 3411 895 3496; baseline 0 -21"><span class='ocrx_word' id='word_1_128' title='bbox 338 3411 471 3476; x_wconf 88' lang='lat' dir='ltr'><strong>Portare</strong></span> <span class='ocrx_word' id='word_1_129' title='bbox 491 3413 608 3496; x_wconf 86' lang='lat' dir='ltr'><strong>ventis,</strong></span> <span class='ocrx_word' id='word_1_130' title='bbox 631 3413 701 3496; x_wconf 87' lang='lat' dir='ltr'><strong>quis</strong></span> <span class='ocrx_word' id='word_1_131' title='bbox 723 3413 782 3478; x_wconf 88' lang='lat' dir='ltr'><strong>sub</strong></span> <span class='ocrx_word' id='word_1_132' title='bbox 796 3414 895 3476; x_wconf 90' lang='lat' dir='ltr'><strong>Arcto</strong></span> 
     </span>
     <span class='ocr_line' id='line_1_33' title="bbox 380 3495 884 3580; baseline -0.002 -21"><span class='ocrx_word' id='word_1_133' title='bbox 380 3495 449 3560; x_wconf 82' lang='lat' dir='ltr'><strong>Rex</strong></span> <span class='ocrx_word' id='word_1_134' title='bbox 470 3497 594 3580; x_wconf 82' lang='lat' dir='ltr'><strong>gelidae</strong></span> <span class='ocrx_word' id='word_1_135' title='bbox 615 3499 774 3561; x_wconf 86' lang='lat' dir='ltr'><strong>metuatur</strong></span> <span class='ocrx_word' id='word_1_136' title='bbox 796 3517 884 3578; x_wconf 85' lang='lat' dir='ltr'><strong>crae,</strong></span> 
     </span>
    </p>
   </div>
   <div class='ocr_carea' id='block_1_17' title="bbox 0 0 1304 4026">
    <p class='ocr_par' dir='ltr' id='par_1_22' title="bbox 0 0 1304 4026">
     <span class='ocr_line' id='line_1_34' title="bbox 0 0 1304 4026; baseline 0 0"><span class='ocrx_word' id='word_1_137' title='bbox 0 0 1304 4026; x_wconf 95' lang='lat' dir='ltr'><strong> </strong></span> 
     </span>
    </p>
   </div>
  </div>
 </body>
</html>
