2600 4026
119 178 280 253 aanor]
496 174 498 181 '
527 180 635 239 arans
655 182 704 237 111.

281 341 471 426 conponere
490 364 626 428 aequus3
649 345 754 409 uetera
775 344 914 409 fluminis

280 425 358 492 Ritu
378 427 539 510 feruntur,
560 448 647 492 nuno
667 426 772 492 medio
795 428 884 492 alveo

333 510 414 576 Cum
435 532 513 594 paoe
538 510 715 576 delabentis
736 510 908 576 Etruscum

374 593 414 659 ln
434 616 535 678 mare,
556 616 642 660 nuno
663 594 785 679 lapides
807 595 921 661 adesos

282 729 466 814 Stirpesque
486 731 594 813 raptas
609 732 642 794 et
662 750 758 828 pecus
779 732 812 795 et
831 728 943 795 domos

281 811 449 879 Volventis
470 834 535 878 una
555 835 623 879 non
644 836 713 879 sme
734 814 891 879 montium

334 895 481 964 Clamore
501 897 687 982 vicinaeque
709 897 822 984 silvae,

376 980 457 1048 (lum
479 981 547 1046 fere
568 982 701 1048 diluvies
725 982 850 1067 quietos

282 1116 398 1181 Invitat
418 1137 538 1182 amnes.
583 1116 643 1182 Ille
664 1119 778 1201 potens
800 1118 848 1182 sui

282 1199 461 1286 hastasque
482 1200 591 1299 deget,
614 1201 665 1265 oui
686 1201 762 1266 lieet
782 1202 817 1266 in
839 1201 922 1268 diem

332 1283 460 1350 Dixisse
482 1283 583 1349 ‘Vixit
606 1305 675 1350 oras
696 1286 747 1351 vel
768 1289 836 1349 atra

374 1367 468 1434 Nube
489 1369 600 1452 polum
624 1371 715 1453 pater
737 1372 891 1452 occupato

136 1480 139 1485 .
179 1506 183 1509 ’
284 1502 549 1589 Velsolepur03
571 1506 767 1568 nontamen
788 1503 932 1588 inritum,

284 1587 509 1671 Quodcumque
533 1590 664 1672 retrost,
688 1587 818 1670 efficiet,
839 1609 942 1673 neque

333 1671 491 1756 Diffinget
510 1670 726 1768 inlectumque
747 1670 873 1756 reddet,
909 1756 916 1770 ·

375 1755 467 1832 Quod
487 1755 614 1840 fugiens
629 1756 727 1821 semel
748 1755 827 1821 hora
846 1759 940 1822 vemt.
1077 1836 1083 1843 ¹

283 1889 426 1955 Fortuna
447 1910 541 1955 saevo
563 1890 648 1955 laeta
669 1892 800 1977 negotio
823 1895 856 1956 et

283 1972 408 2039 Indum
429 1974 621 2039 insolentem
642 1974 750 2042 ludere
771 1975 918 2060 pertinax

333 2057 539 2123 Transmutat
559 2058 698 2123 insertos
719 2058 872 2143 honores,

375 2140 470 2207 Nune
491 2140 572 2207 mihi
592 2163 678 2207 nune
700 2142 755 2206 alii
777 2143 925 2228 benigna.

208 2293 216 2302 ·
283 2277 392 2342 Laudo
413 2279 611 2362 manentem3
634 2277 662 2341 si
684 2277 801 2342 celeres
823 2278 925 2361 quatit

282 2361 424 2445 Pennas,
445 2361 574 2447 resigno
597 2382 678 2445 quae
699 2360 786 2425 dedit
807 2364 840 2425 et
855 2382 927 2425 mea

334 2443 461 2510 Virtute
482 2466 533 2509 me
554 2445 683 2510 involvo
703 2445 898 2529 probamque

375 2529 564 2613 Pauperiem
586 2529 654 2594 sine
676 2529 750 2594 dote
772 2550 898 2613 quaero.

283 2662 360 2730 Non
382 2667 431 2728 est
452 2685 574 2747 meum,
597 2665 624 2728 si
645 2664 769 2750 mugiat
789 2664 907 2729 Africis

283 2746 387 2811 Melus
409 2748 572 2832 procellis,
595 2747 636 2812 ad
656 2748 788 2837 miseras
811 2769 920 2832 preses

334 2829 509 2896 Deeurrere
531 2834 563 2896 et
583 2832 665 2896 votis
687 2832 818 2916 peoisei,

375 2913 427 2980 Ne
449 2913 584 3000 Cypriae
605 2915 780 2999 Tyriaeque
801 2935 921 2981 meroes

283 3048 416 3114 Addunt
437 3071 531 3114 avaro
554 3050 680 3115 divitias
701 3051 796 3115 meri:

283 3131 366 3197 Tum
387 3155 438 3197 me
460 3133 589 3199 biremis
610 3133 769 3219 praesidio
791 3134 926 3219 scaphae

335 3215 454 3281 lutum
475 3238 533 3301 per
553 3218 699 3303 Aegaeos
721 3219 875 3284 tumultus

376 3302 465 3367 Aura
484 3302 566 3367 feret
582 3303 791 3388 geminusque
805 3301 941 3366 Pollux?
