2610 4028
131 225 224 298 avr]
564 224 680 281 amru.
1044 217 1100 281 121

202 385 302 451 Mella
323 406 400 451 cava
420 389 554 451 manant
575 408 613 450 ex
634 387 722 469 ilice,
743 385 906 451 montibus
929 386 1001 450 altis

245 470 339 536 Levis
360 474 509 554 crepante
533 469 663 554 lympha
684 470 791 535 desilit
811 470 899 554 pede.

202 554 274 619 Illic
295 554 436 620 iniussae
456 555 590 619 veniunt
610 555 651 619 ad
672 554 807 618 mulctra
828 555 983 638 capellae,

244 638 416 722 Refertque
437 641 527 704 tenta
547 659 625 724 grex
647 639 768 703 amicus
789 638 902 721 ubera,
1070 651 1104 700 50

200 723 272 790 Nec
293 723 492 807 vespertinus
514 722 733 808 circumgemit
753 744 845 788 ursus
868 723 965 806 ovile,

245 806 315 872 Nec
335 806 520 872 intumescit
540 807 606 870 alta
626 807 743 890 viperis
764 806 890 871 humus.

201 891 360 975 Pluraque
383 890 492 956 fehccs
512 890 712 973 mirabimur,
734 894 771 955 ut
790 911 893 989 neque
914 890 1012 976 largis

247 976 395 1058 Aquosus
416 974 522 1040 Eurus
545 995 621 1038 arva
641 974 733 1039 radat
753 974 923 1057 imbribus,

234 1060 241 1073 '
314 1059 343 1127 ‘a
363 1080 422 1124 neo
444 1060 537 1125 siccis
553 1061 692 1137 ,manue
712 1059 834 1123 semina
854 1059 993 1144 glaebis,
1070 1071 1104 1122 55

276 1147 422 1227 trumque
443 1165 519 1229 rege
539 1146 736 1226 temperante
758 1143 914 1208 caelitum.
984 1176 986 1180 ·

201 1227 281 1294 Non
300 1227 363 1292 huc
382 1227 493 1312 Argoo
516 1224 681 1292 contendit
701 1227 820 1324 remige
841 1227 950 1310 pinus,

246 1311 297 1377 Ne
319 1333 358 1377 ue
379 1311 530 1408 inpudica
551 1310 680 1377 Colchis
701 1311 811 1375 intulrt
831 1311 958 1395 pedem,

201 1395 280 1461 Non
298 1333 364 1459 huc
386 1393 509 1461 Sidonii
530 1397 691 1459 torserunt
712 1414 831 1459 cornua
851 1399 966 1459 nautam

245 1478 420 1550 Laboriosa
440 1500 501 1550 nec
522 1478 637 1544 cohors
658 1477 773 1543 Vlixei.
1070 1493 1104 1544 co

156 1600 159 1603 Δ
201 1562 303 1628 Nulla
323 1566 441 1628 nocent
461 1563 569 1647 pecori
590 1563 754 1647 contagia,
776 1560 895 1626 nullius
917 1564 996 1626 astri

247 1646 385 1732 Gregem
406 1651 554 1712 aestuosa
574 1650 675 1711 torret
696 1645 883 1730 inpotentia.

201 1729 241 1796 Iu
286 1732 347 1795 iter
367 1730 425 1795 illa
444 1733 517 1815 piac
540 1730 673 1796 secrevit
694 1730 787 1794 litora
808 1731 912 1815 genti,

242 1753 292 1879 lli
312 1815 347 1879 in
369 1815 492 1880 uinavit
514 1836 585 1880 aere
606 1818 731 1911 ternpus
753 1836 900 1899 aureum,

202 1899 302 1981 Aere,
325 1898 363 1962 de
386 1899 439 1964 inc
460 1899 545 1964 ferro
568 1899 693 1963 duravit
714 1898 854 1982 saecula,
877 1919 1011 1983 quorum
1070 1911 1103 1964 uu

245 1981 313 2047 Piis
335 1983 474 2047 secunda
495 1986 567 2048 vate
588 2004 640 2047 me
662 1984 755 2047 datur
775 1982 862 2068 fuga.
970 2051 973 2056 ,

546 2154 688 2165 ——---

563 2272 675 2346 XVII.

202 2400 284 2466 ‘Iam
304 2402 369 2466 iam
391 2402 513 2468 efficaci
535 2403 575 2468 dc
596 2424 710 2467 manus
734 2401 900 2488 scientiae,

203 2483 344 2569 Supplex
368 2489 400 2550 et
421 2507 477 2551 oro
498 2507 598 2573 regna
619 2508 676 2571 per
697 2486 923 2572 Proserpinae,

200 2568 264 2634 Per
285 2572 317 2634 et
338 2569 461 2635 Dianae
483 2592 548 2635 non
570 2571 728 2636 movenda
748 2572 894 2655 numina,

201 2652 264 2717 Per
285 2657 380 2739 atque
400 2655 500 2719 hbros
521 2656 698 2720 carminum
718 2656 894 2720 valentium
1149 2706 1151 2709 -

201 2736 313 2802 Refixa
334 2739 421 2803 caelo
444 2738 597 2804 devocare
619 2740 739 2822 sidera,
1086 2752 1104 2805 o

202 2819 352 2904 Canidia,
374 2844 468 2906 parce
491 2823 621 2888 vocibus
642 2824 772 2888 tandem
795 2823 893 2886 saeris

202 2903 372 2990 Oitumque
394 2909 479 2971 retro
501 2908 588 2973 solve
627 2909 714 2972 solve
736 2906 914 2973 turbinem!

202 2989 305 3054 Movit
325 2994 474 3074 nepotem
496 2956 653 3075 Telephus
675 2991 842 3073 Nereium,

201 3073 242 3138 In
263 3094 357 3158 quern
379 3075 533 3158 superbus
555 3075 719 3140 ordinarat
740 3075 870 3160 agmina

199 3157 364 3241 Mysorum
386 3159 473 3224 etin
495 3180 589 3242 quem
608 3160 675 3224 tela
696 3162 790 3223 acuta
810 3161 955 3223 torserat.
1072 3174 1104 3223 ιο

199 3240 328 3307 anere
350 3244 469 3307 matres
490 3241 569 3307 Iliae
592 3243 753 3307 addictum
774 3243 852 3308 feris

199 3325 343 3390 Alitibus
365 3329 460 3411 atque
482 3327 614 3392 canibus
635 3326 829 3392 homicidam
850 3325 1038 3410 Hectorem,

197 3409 375 3494 Postquam
396 3410 515 3475 relictis
537 3411 705 3475 moenibus
725 3432 782 3475 rex
802 3409 941 3506 procidit
1041 3434 1044 3439 ·

196 3492 272 3559 Heu
293 3495 469 3578 pervicacis
491 3495 531 3559 ad
552 3495 649 3579 pedes
671 3493 819 3559 Achillei.
