2610 4028
134 223 209 297 xu]
564 222 681 281 mnan.

136 556 224 636 Quid
243 555 306 621 tibi
326 554 390 638 vis,
412 553 526 620 mulier
546 553 581 618 ni
624 552 648 616 's
670 551 859 638 dignissima
879 550 1005 616 barris?

182 641 316 706 Munera
335 659 391 703 our
411 637 491 702 mihi
513 637 567 722 qui
588 658 627 701 ve
648 636 784 701 tabellas

136 725 242 790 Mittis
247 773 258 808 ,
279 743 341 787 neo
361 722 453 787 firmo
475 716 582 787 iuveni
601 741 662 786 neo
683 721 770 784 naris
792 719 930 785 obesae?

7 852 9 863 ,
182 808 330 891 Namque
352 806 498 892 sagacius
522 827 605 870 unus
626 804 759 889 odoror,

136 893 199 959 Pol
241 914 280 956 us
301 913 345 955 an
365 890 471 988 gravis
491 889 623 955 hirsutis
646 889 741 954 cubet
760 888 867 954 hircus
888 888 924 953 in
945 890 1019 974 alis,
1088 902 1105 952 a

308 996 396 1040 oams
417 995 490 1039 acer
509 974 566 1039 ubi
586 974 686 1039 lateat
705 994 768 1039 sus.

138 1061 203 1138 Qui
224 1060 321 1125 sudor
341 1059 434 1123 vietis
456 1061 489 1123 et
509 1079 605 1144 quam
625 1058 728 1122 malus
751 1057 890 1142 undiquc
911 1059 1063 1123 membris

184 1143 308 1212 Crescit
328 1143 422 1227 odor,
445 1164 519 1208 cum
539 1164 621 1227 pene
642 1142 747 1207 soluto

137 1229 335 1294 Indomitum
355 1230 507 1312 proporat
525 1226 647 1292 rabiem
669 1226 778 1291 sedare
783 1276 792 1310 ,
813 1248 917 1312 neque
939 1228 989 1292 illi

183 1313 254 1377 lam
274 1314 384 1377 manet
403 1311 512 1376 umida
534 1313 621 1376 oreta
641 1312 792 1394 colorque
1074 1326 1107 1376 10

139 1397 287 1464 Stercore
307 1396 433 1461 fucatus
455 1395 622 1478 crocodili,
645 1395 772 1479 iamque
793 1394 937 1461 subando

184 1481 287 1546 'Penta
308 1480 425 1545 cubilia
445 1482 593 1564 tectaque
613 1479 749 1563 rumpit·

138 1563 203 1631 Vel
223 1586 295 1629 mea
316 1586 390 1628 cum
410 1564 512 1629 saevis
534 1564 636 1649 agitat
656 1529 786 1628 facticiis
806 1564 928 1631 verbis:

184 1647 326 1714 ‘Inachia
347 1649 481 1734 langues
502 1648 607 1713 minus
629 1668 666 1712 ac
687 1669 753 1733 me;

7 1748 8 1751 ’
138 1733 306 1799 Inachiam
326 1735 375 1798 ter
396 1735 491 1797 nocte
511 1735 619 1816 potes,
640 1731 720 1797 mihi
742 1753 867 1816 semper
887 1732 929 1797 ad
949 1755 1048 1798 unum
1074 1747 1105 1797 15

184 1817 293 1882 Mollis
314 1837 404 1901 opus.
448 1816 562 1882 Pereat
582 1817 680 1900 male,
703 1838 783 1901 quae
804 1819 838 1882 te

8 1962 9 1965 ,
138 1900 257 1967 Lesbia
278 1900 442 1986 quaerenti
462 1903 589 1965 taurum
609 1902 801 1966 monstravit
821 1902 971 1987 inertem,

185 1985 267 2052 Cum
287 1985 367 2049 mihi
389 1983 475 2050 Cous
496 1985 621 2051 adesset
641 1987 817 2069 Amyntas,

141 2068 241 2135 Cuius
262 2069 298 2134 in
318 2068 475 2137 indomito
498 2070 696 2136 constantior
716 2070 849 2154 inguine
869 2092 1001 2155 nervus,

185 2153 287 2230 Quam
307 2174 391 2218 nova
412 2154 546 2219 collibus
568 2155 663 2220 arbor
683 2151 837 2218 inhaeret
1072 2169 1107 2218 20

140 2236 317 2303 Murioibus
338 2235 442 2320 Tyriis
463 2238 595 2304 iteratae
616 2237 735 2301 vellera
755 2237 847 2302 lanae

184 2320 245 2387 Oui
265 2321 538 2406 properabantur?
571 2321 644 2386 Tibi
665 2343 796 2405 nempe,

138 2405 192 2470 Ne
214 2405 299 2471 foret
319 2406 466 2490 aequales
486 2408 572 2472 inter
594 2406 742 2490 conviva,
764 2405 868 2492 magis
890 2427 984 2491 quom

182 2488 342 2575 Diligeret
361 2490 477 2555 mulier
497 2512 555 2555 sua
575 2512 670 2575 quam
691 2493 732 2555 te.

139 2572 170 2639 0
192 2594 253 2659 ego
275 2594 342 2637 non
359 2573 450 2658 felix,
473 2596 568 2659 quam
588 2577 625 2640 tu
645 2574 732 2660 fugis
753 2577 790 2639 ut
810 2580 907 2660 pavet
927 2597 1014 2642 acres
1071 2590 1105 2640 aa

182 2658 282 2743 Agna
302 2657 395 2742 lupos
418 2679 612 2743 capreaeque
633 2658 764 2726 leones?

548 2832 701 2842 —.-

572 2950 670 3025 XIII.

137 3076 280 3143 Horrida
299 3081 366 3144 tem
390 3083 474 3146 estas
495 3081 618 3146 caelum
640 3082 799 3146 contraxit
819 3085 852 3147 et
871 3082 989 3148 imbres

181 3102 1052 3250 Nivesque‹ieduountlovem3nuncmare,nunosiluae

140 3243 290 3311 Threicio
312 3248 474 3332 Aquilone
495 3252 620 3314 sonant.
657 3249 846 3336 Rapiamus,
871 3250 986 3334 amice,

183 3329 392 3396 Occasionem
414 3332 453 3397 de
474 3333 525 3398 die
566 3333 702 3417 dumque
723 3335 828 3399 virent
848 3355 954 3419 genua

138 3411 184 3478 Et
204 3413 311 3499 decet,
334 3416 472 3481 obducta
493 3383 634 3482 soivatur
654 3418 762 3483 fronte
784 3420 939 3482 senectus.
1088 3432 1105 3481 5

182 3495 229 3562 uu
249 3500 327 3564 uina
344 3499 506 3585 Torquato
527 3521 620 3566 move
643 3502 773 3567 consule
794 3523 905 3585 pressa
925 3523 1012 3589 meo;
