2558 4022
109 227 183 300 vn]
515 228 623 284 arasa
642 229 664 286 r

550 426 629 503 Vll.

110 558 258 643 Quinque
279 557 347 624 dies
367 557 429 623 tibi
449 559 610 644 pollicitus
632 580 683 623 me
699 581 773 626 rure
793 560 949 645 futurum,

110 643 262 710 Sextilem
283 646 388 707 totum
409 643 546 708 mendax
568 643 737 710 desideror.
770 645 871 730 Atqui

110 727 145 794 Si
165 748 218 791 me
239 727 345 792 vivere
366 726 415 792 vis
437 749 549 792 sanum
570 731 718 813 recteque
739 730 913 810 valentem,

109 812 214 887 Quam
234 810 314 875 mihi
336 811 391 875 das
413 832 526 898 aegro,
548 812 637 877 dabis
659 816 825 898 aegrotare
845 814 985 896 timenti,

108 895 292 978 Maecenas,
314 896 455 980 veniam,
478 896 554 961 dum
574 897 653 961 fieus
673 898 778 981 prima
798 898 946 981 calorque
1055 910 1071 961 5

108 978 366 1065 Dissignutorem
387 979 518 1045 deeorat
537 980 703 1046 lictoribus
725 982 818 1064 atris,
1055 1004 1059 1013 ·

109 1063 196 1129 Dum
216 1063 324 1147 pueris
346 1064 450 1128 omnis
471 1067 563 1149 pater
582 1068 616 1129 et
634 1066 809 1132 matercula
829 1065 943 1150 pallet,

109 1146 243 1212 Officios
284 1169 324 1211 ue
346 1146 498 1213 sedulitas
520 1151 553 1213 et
573 1150 681 1231 opella
701 1149 837 1215 forensis

108 1169 377 1296 Adducidlebres
397 1234 431 1297 et
450 1235 642 1298 testamenta
663 1234 815 1320 resignat.

109 1315 232 1393 Quodsi
252 1314 366 1381 bruma
385 1316 476 1382 nives
489 1317 625 1382 Albanis
647 1318 763 1382 inlinet
783 1317 884 1404 agris,
1039 1331 1072 1381 ιο

107 1400 161 1465 Ad
182 1422 271 1464 mare
293 1400 463 1467 descendet
482 1405 570 1466 vates
591 1404 665 1466 tuus
687 1404 720 1466 et
741 1402 802 1466 sibi
823 1405 934 1486 parcet

109 1483 364 1570 Contractusque
386 1485 486 1582 leget3
507 1488 554 1569 te,
578 1485 678 1550 duleis
700 1486 801 1551 amice
836 1487 953 1551 reviset

110 1567 192 1635 (ium
214 1567 385 1654 Zephyris,
407 1591 436 1634 s1
457 1569 611 1635 concedes
647 1572 680 1635 et
699 1535 869 1635 hirrmdine
890 1570 1003 1653 prima.

108 1658 182 1718 Non
204 1674 267 1737 quo
288 1674 377 1717 more
398 1654 477 1737 piris
499 1654 584 1719 vesci
606 1619 742 1719 delabor
762 1654 852 1719 iubet
871 1653 988 1738 hospes

109 1737 160 1802 Tu
180 1759 233 1802 me
252 1736 358 1803 fecisti
379 1738 579 1822 locupletem.
617 1737 781 1822 ‘Vescera
804 1738 918 1803 sodes?
1039 1750 1071 1801 15

109 1821 191 1887 ‘Iam
202 1821 279 1886 satis
289 1825 361 1886 est'
385 1822 496 1905 ‘Arca
510 1825 663 1906 quantum
673 1823 842 1906 ris,tolle.'
859 1821 1028 1908 ‘Benigne'

110 1905 200 1972 ‘Non
219 1905 323 1971 invisa
342 1904 426 1971 feres
447 1907 554 1991 pueris
574 1908 764 1972 munuscula
782 1907 913 1991 parvis)

110 1988 203 2054 ‘Tam
223 1993 335 2054 teneor
355 1990 455 2074 done,
478 2012 574 2075 quam
595 1991 623 2055 si
646 1991 788 2057 dimittar
809 1994 965 2056 onustus?

111 2074 168 2139 ‘Vt
178 2073 272 2139 libet:
294 2073 374 2138 haee
386 2075 493 2158 porois
507 2074 603 2139 hodie
618 2074 811 2140 comedenda
824 2075 1007 2159 relinques!

108 2158 268 2242 Prodigus
290 2161 323 2223 et
343 2159 459 2223 stultus
481 2158 581 2223 donat
602 2180 682 2242 quae
703 2159 826 2242 spernit
846 2160 879 2223 et
902 2158 983 2223 odit:
1037 2171 1072 2222 20

108 2243 198 2308 Haeo
220 2262 312 2327 seges
332 2241 477 2327 ingratos
497 2243 575 2307 tulit
586 2246 621 2307 et
641 2242 723 2307 feret
736 2241 883 2307 omnibus
905 2243 1006 2307 annis.

108 2327 169 2392 Vir
189 2326 292 2391 bonus
314 2329 347 2391 et
365 2327 492 2412 sapiens
514 2326 620 2412 dignis
641 2327 688 2391 eit
708 2348 777 2391 esse
797 2328 943 2410 paratus,

108 2411 178 2477 Neo
198 2413 308 2475 tamen
328 2411 459 2496 ignorat
479 2410 555 2494 quid
576 2410 698 2477 distent
717 2432 792 2475 aera
812 2410 941 2494 lupinis.

107 2494 252 2581 Dignum
273 2495 441 2578 praestabo
463 2516 515 2559 me
537 2492 633 2559 etiam
653 2516 712 2579 pro
734 2495 827 2560 laude
840 2494 1000 2560 merentis.

108 2578 231 2656 Quodsi
251 2600 304 2643 me
323 2580 414 2643 noles
435 2600 570 2663 usquam
590 2579 764 2663 discedere,
786 2579 899 2645 reddes
1037 2590 1071 2642 25

106 2661 205 2728 Forte
227 2662 326 2746 latus,
346 2664 458 2748 nigros
480 2666 618 2749 ungusta
638 2663 744 2728 fronte
766 2663 912 2748 capillos,

106 2746 235 2827 Reddes
256 2747 348 2813 dulce
369 2747 471 2832 loqui,
493 2747 606 2812 reddes
624 2748 730 2832 ridere
752 2747 901 2813 decorum
922 2750 955 2812 et
1000 2758 1003 2762 '

106 2830 198 2897 Inter
218 2830 295 2895 vina
314 2831 426 2917 bigam
448 2830 582 2897 Cinarae
603 2853 743 2897 maerere
764 2832 941 2915 protervae.

106 2915 204 2981 Forte
225 2936 282 2999 per
303 2919 474 3000 angustam
493 2916 599 2981 tenuis
620 2915 763 2981 nitedula
781 2916 897 2980 rimam

106 2999 265 3084 Repserat
284 3000 319 3063 in
341 3021 501 3066 cumeram
521 3000 686 3083 frumenti,
707 3002 862 3084 pastaque
884 3021 992 3066 rursus
1036 3012 1070 3062 30

104 3083 157 3149 Ire
179 3084 266 3151 feras
287 3084 383 3167 pleno
403 3083 555 3149 tendebat
576 3104 708 3169 corpore
728 3083 860 3170 frustra3
905 3169 912 3184 .
1003 3121 1005 3125 <

7 3162 9 3229 3
106 3168 166 3236 cui
187 3168 324 3232 mustela
344 3169 456 3252 procul
476 3168 518 3233 ‘si
536 3169 597 3234 vis’
621 3170 666 3234 ait
687 3168 839 3254 ‘effugere
859 3169 970 3252 istmo,

106 3252 218 3318 Maera
231 3273 344 3317 earum
357 3256 482 3338 repetes
490 3255 616 3336 artum,
638 3273 732 3337 quem
749 3274 856 3318 maora
869 3253 1005 3318 subisti'

106 3334 177 3402 Hac
199 3358 260 3422 ego
283 3337 311 3401 si
333 3337 497 3485 conpellor
517 3337 670 3422 imagine,
694 3340 809 3403 cuncta
829 3337 972 3421 resigno:
1170 3387 1172 3390 >

105 3419 176 3486 Neo
197 3441 348 3487 somnum
366 3421 469 3505 pebis
491 3420 584 3485 laudo
607 3422 694 3486 satur
714 3421 850 3488 altilium
870 3439 938 3506 nee·
1035 3434 1068 3483 35

107 3504 182 3571 Otia
204 3504 324 3571 divitiis
345 3504 488 3570 Arabum
509 3503 669 3570 liberrima
688 3508 787 3571 muto.
899 3527 901 3531 ·

860 3609 915 3663 13*
