2570 4022
198 223 293 280 XVIII
572 226 788 283 PRAEFATIO.

197 384 363 463 sumpsisse
394 392 455 444 sat
469 392 601 458 eonstet,
637 404 673 445 eo
701 386 798 464 magis
825 385 934 447 mirum
961 382 1045 466 quod
1072 388 1102 448 ei
1130 388 1164 451 11

198 469 363 528 notissimis
396 467 580 548 quibusdam
612 467 703 531 rebus
734 469 946 549 obtemperare
978 471 1079 531 noluit
1104 471 1165 533 hoe

199 571 343 615 sarmrne.

260 636 366 716 Atque¹
385 637 463 699 haee
477 657 533 717 pro
546 637 609 699 fide
628 645 664 698 nt
685 634 813 698 feoimus
835 637 1021 716 exponenda
1042 640 1163 699 111111-

197 741 273 782 mus.
311 719 455 783 Ueterum
475 721 614 783 videnda
635 739 715 801 qnae
735 720 864 781 Iahnius
887 721 927 783 de
948 721 1006 783 hou
1028 725 1163 784 carmine

198 806 342 867 disseruit
355 806 489 867 Hermae
503 822 551 880 ιιι,
569 807 630 866 184
645 824 727 887 sqq.‚
751 806 806 885 qui
825 805 901 865 mihi
923 806 1048 887 quidem
1068 807 1162 886 plens

196 892 350 971 persuasit
366 910 467 972 neque
489 891 669 971 allegoriam
691 891 843 953 contineri
863 890 917 951 illo
940 898 971 951 et
985 891 1086 952 rideri
1097 891 1162 953 Hu-

195 975 307 1035 rstium
325 974 440 1038 iudicio
454 975 594 1036 nondum
607 975 682 1036 saris
704 974 830 1035 snbaoto
851 993 940 1034 usum
960 994 1000 1036 ex
1013 976 1162 1057 ampliore

195 1059 391 1140 Bacchylidis
406 1068 548 1139 poemate
568 1061 756 1139 excerpsisse
770 1059 957 1140 proprioque
972 1060 1162 1123 instaurasse

196 1145 341 1223 opusculo
363 1145 545 1206 vaticinium
564 1144 670 1207 Nerei.
706 1142 808 1207 Addit
828 1143 958 1205 Iahnius
979 1144 1063 1224 quod
1084 1165 1162 1206 sane

196 1229 317 1290 delectu
345 1249 409 1290 non
430 1230 506 1290 sotis
527 1239 599 1310 apte
626 1230 659 1288 in
681 1228 886 1290 memorandis
899 1227 1099 1290 ‘Graecorum
1119 1230 1161 1291 ad

194 1313 276 1373 Ilien
296 1314 350 1394 qui
366 1313 560 1375 debellarunt
580 1311 726 1374 heroibus
748 1331 837 1373 usum
858 1331 925 1374 esse
939 1312 1084 1374 Plautum
1106 1334 1159 1394 sp·

194 1405 296 1476 paret,
325 1418 390 1459 non
411 1398 577 1460 abhorrere
598 1418 618 1458 a
638 1395 857 1479 probabilitate
879 1418 949 1459 eum
969 1416 1118 1476 personas
1133 1419 1162 1459 *a

193 1482 384 1563 Bacchylide
410 1484 471 1544 alio
493 1482 584 1544 modo
606 1489 853 1563 repraesentatas
875 1482 976 1543 minus
998 1489 1083 1543 reste
1105 1482 1159 1544 ad·

192 1566 329 1628 hibuisse
350 1569 475 1648 proprio
498 1567 636 1627 usrmini.
675 1564 768 1645 Quod
790 1585 858 1626 sum
879 1568 963 1627 inter
976 1567 1076 1646 prims
1094 1587 1159 1627 me·

192 1651 245 1710 liei
268 1653 389 1729 generis
412 1653 612 1732 compositum
634 1671 701 1713 esse
723 1652 762 1711 ab
784 1659 908 1712 auctore
928 1651 1083 1730 plerisque
1104 1652 1177 1711 ad·.

192 1737 323 1809 sentiar,
359 1735 464 1796 dubito
493 1735 662 1816 aliquando
688 1756 729 1796 an
756 1743 892 1796 statuam
919 1753 988 1795 eum
1015 1736 1159 1796 variandi

192 1819 294 1879 studio
322 1819 483 1900 abreptum
508 1840 577 1901 pro
592 1821 637 1881 eis
664 1826 745 1898 quae
771 1819 855 1899 spud
876 1818 1089 1899 Baeehyliden
1111 1821 1158 1879 in·

191 1912 321 1966 venerat
342 1907 442 1964 minus
464 1924 600 1984 congrua
620 1905 814 1965 substituisse
835 1903 972 1965 nomina.

255 2007 276 2061 1,
302 1990 350 2061 16,
375 1990 394 2048 8
417 1988 505 2062 sill,
529 1989 577 2063 M,
601 1989 658 2063 al.,
681 1990 750 2050 ‘sie'
773 2009 803 2048 v.

254 2090 275 2146 1,
300 2073 350 2146 20,
375 2073 404 2132 5.
428 2077 510 2133 clare
526 2075 688 2133 Maecenas
708 2090 804 2172 eques.
833 2071 937 2151 Vulgo
960 2088 1040 2133 sare.
1071 2072 1157 2134 Illud

190 2175 285 2217 sensu
307 2156 374 2257 ipso
389 2165 518 2236 cogente
540 2177 579 2219 ex
593 2157 661 2218 eod.
677 2157 780 2236 regiae
801 2158 956 2218 societatis
971 2157 1156 2218 restituitB

190 2240 294 2321 Atque
315 2242 360 2302 ita
380 2241 414 2300 in
436 2242 535 2322 Lipsii
557 2242 703 2342 operibus
723 2258 744 2315 1,
762 2243 823 2302 786
840 2240 889 2302 ed.
904 2241 1010 2302 Vesal.
1032 2242 1156 2335 legitur.

191 2325 339 2386 Similiter
364 2325 520 2406 hodieque
541 2326 676 2387 fertur
666 2347 700 2386 1n
723 2326 834 2427 elegia·
847 2326 886 2387 ds
906 2310 1089 2387 Maeeenate
1111 2325 1155 2383 sl-

189 2417 257 2471 tera
279 2405 333 2488 [A.
356 2410 392 2470 L
418 2411 487 2484 110,
512 2408 601 2490 27]
608 2412 680 2471 vire
702 2409 771 2484 diu,
793 2411 837 2471 mi
858 2430 927 2471 cara
948 2429 1054 2470 senex.
1083 2418 1156 2489 pete

189 2494 292 2554 sidera
314 2497 412 2554 sero'.
442 2493 481 2554 In
503 2496 613 2575 quibus
635 2502 783 2575 punctum
804 2497 906 2574 potius
927 2493 1157 2556 1111111111-

188 2579 253 2638 lum
274 2579 415 2656 quintum
437 2590 528 2658 quam
549 2580 819 2661 postponendum
840 2580 914 2640 alibi
936 2578 1156 2639 demonstrari.

191 2661 334 2723 Ceterum
355 2663 462 2723 similis
476 2665 609 2725 varietas
624 2665 898 2726 membranarum
889 2684 923 2723 m
938 2660 991 2722 ille
1009 2657 1085 2738 [1111y
1104 2664 1152 2735 13,

191 2742 277 2827 14]*
285 2767 344 2808 111
358 2747 433 2808 elan
445 2748 592 2829 lapides
616 2747 669 2809 ubi
684 2757 767 2810 reete
781 2748 864 2808 idem
878 2744 1063 2806 Bentleius‘
1066 2746 1156 2806 oari'.

252 2831 302 2904 22,
319 2832 349 2891 2.
372 2851 430 2892 nen
445 2842 516 2933 epet
538 2835 640 2892 Mauri
658 2838 773 2895 iaculis.
809 2830 911 2889 Pudet
933 2848 1034 2928 paene
1056 2850 1113 2891 nos
1135 2851 1156 2891 1

190 2875 397 2977 disertissimis
423 2917 497 2977 viris
520 2917 738 2979 dissentientes
760 2913 871 2993 qulbus
891 2915 984 2974 uniee
1006 2914 1156 2993 probatur

188 2999 267 3060 illud
289 2999 439 3061 ‘Mauris’
462 3003 601 3082 posuisse
615 3001 649 3061 id
663 3000 747 3080 quod
761 3006 864 3058 tamen
886 2999 985 3077 ipsum
1000 3018 1064 3059 non
1079 3018 1154 3078 poe·

188 3083 318 3145 nitenda
346 3085 484 3146 eodionm
517 3087 697 3146 auctoritate
723 3083 860 3142 firmatur
892 3080 1038 3144 ‘Mauri'
1089 3082 1154 3144 Sed

188 3169 264 3249 quid
278 3170 433 3230 fauorem?
457 3168 737 3231 commendabatur
748 3166 808 3226 hoe
830 3168 954 3228 omnino
975 3167 1077 3228 iudice
1095 3184 1152 3227 eu·

188 3254 312 3332 phonia.
356 3254 484 3314 Etenim
508 3251 747 3314 homoeoteleuti
774 3252 947 3332 exemplum
974 3251 1065 3331 quale
1094 3252 1155 3313 erit

186 3337 221 3396 in
243 3338 344 3398 medio
367 3358 458 3398 versu
473 3339 536 3398 tale
558 3336 684 3397 ‘Mauris
705 3335 827 3397 iaeulis'
850 3357 976 3417 perraro
995 3337 1156 3396 inveneris

187 3422 221 3480 in
242 3422 358 3482 meliois
373 3422 486 3482 Flaeei.
516 3421 596 3482 Nam
617 3422 728 3502 nequis
749 3421 827 3481 illud
850 3421 928 3480 ‘iam
947 3422 1021 3479 satis
1042 3421 1151 3480 terris’

186 3506 287 3566 simile
310 3505 392 3566 dieat
413 3507 532 3568 ratione
554 3526 697 3568 sonorum
717 3507 796 3569 loeo
809 3514 913 3566 nostro
935 3524 1043 3584 parum
1064 3523 1152 3564 vere·
