2570 4022
8 300 10 365 l

407 196 456 250 DE
473 194 607 251 Marsis
625 195 855 251 HORATIANIS.
1013 193 1114 250 LXXV

214 347 360 415 XXIII.
389 354 531 415 Versus
553 354 763 433 sapphicus
784 354 916 415 minor.

249 602 307 654 iam
324 602 396 655 satis
412 601 492 653 terris
509 603 581 654 nivis
600 608 630 654 st
632 606 684 668 que
703 602 789 655 dirae.

248 671 371 723 Mercuri
388 669 507 722 facunde
525 686 612 736 nepos
629 670 759 721 Atlantis.

147 757 210 818 Hic
229 756 523 836 hendecasyllabns‚
552 776 644 836 quern
664 758 779 836 primus
802 755 942 817 adhibuit
966 754 1112 830 Catullus,

147 844 203 902 vix
221 842 323 902 minus
343 842 460 922 placuit
480 841 627 901 Romanis
655 861 746 920 quam
768 841 945 921 phalaecius
967 841 1058 900 ille
1066 843 1115 900 cni

148 927 233 986 dono
247 926 387 1006 lepidum
406 944 519 987 novum
533 924 698 999 libellum',
723 946 783 1005 quo
798 927 888 1005 primi
908 926 957 986 usi
975 933 1114 986 cantores

146 1011 370 1090 Euphorionis

114 1108 117 1109 ⁷
212 1110 297 1172 Nota
316 1110 400 1191 quoti
414 1130 580 1190 numquam
601 1111 686 1193 apud
699 1111 737 1171 F.
760 1119 791 1172 ιι
812 1112 1010 1193 insequentes
1024 1130 1115 1188 spon·

150 1195 231 1257 ricus
253 1197 339 1274 prior
359 1195 508 1256 vocabulo
530 1203 650 1257 constat
671 1196 704 1255 in
725 1195 899 1275 spondeum
919 1201 1063 1257 exeunte.

215 1311 422 1374 (laesuram
444 1314 482 1373 in
504 1312 702 1392 prioribus
724 1311 849 1373 tribus
876 1311 991 1373 libris
1013 1332 1113 1385 raro,

148 1396 354 1476 aliquanto
386 1399 540 1477 saepius
573 1399 613 1457 in
645 1405 783 1477 quarto
813 1405 850 1457 et
880 1399 918 1456 in
949 1398 1115 1457 carmine

146 1482 346 1541 saeculari
383 1490 469 1560 post
499 1490 644 1543 sextam
680 1480 873 1562 syllabam
905 1480 1116 1541 collocavit

147 1565 326 1626 Flaccus.
371 1564 443 1626 sed
472 1566 762 1645 insequentium
786 1574 998 1644 temporum
1024 1584 1115 1643 poe·

32 1690 35 1693 -
149 1659 211 1709 tae
233 1651 348 1709 unice
377 1649 568 1711 admisere
597 1650 703 1710 illam
725 1669 823 1728 quae
845 1650 1116 1729 posttertiam

150 1734 259 1793 arsin
280 1734 438 1795 incidit:

255 1846 325 1898 quae
342 1837 424 1884 vocat
442 1832 523 1884 sedes
537 1830 542 1899 Ι
556 1832 711 1884 habitanda
729 1835 846 1898 captas?

151 1915 294 1978 Catullus
316 1927 348 1979 ιι
368 1937 524 1980 caesuram
546 1920 684 1998 neglegit
705 1919 873 1999 aliquando
894 1928 925 1979 et
946 1940 1002 1998 pro
1023 1938 1115 1997 spon·

152 2002 212 2062 deo
235 2003 332 2063 altero
354 2003 484 2065 collocat
503 2003 693 2078 trochaeum,
717 2004 773 2064 sed
794 2013 957 2083 utrumque
979 2024 1063 2064 raro:

257 2099 393 2155 Gallicum
410 2102 522 2154 Rhenum
538 2102 683 2154 horribilem
700 2102 789 2152 salum
806 2101 871 2152 ulti-

253 2183 366 2235 mosque
382 2169 564 2222 Βιίιιιιιιιοι.

255 2250 344 2300 pauca
360 2240 475 2289 manate
492 2251 570 2288 meas
589 2236 705 2303 puellae.

214 2348 383 2494 XXIIII.
413 2351 559 2418 Versus
583 2342 888 2436 aristophanius

253 2539 344 2603 Lydia
352 2476 417 2590 'dic'
427 2556 477 2605 per
495 2556 596 2592 omnes.

149 2641 215 2701 Hic
236 2643 345 2716 oritur,
376 2645 402 2703 si
423 2646 552 2722 primam
572 2666 602 2707 v.
625 2646 765 2724 sapphici
788 2644 945 2724 dipodiam
967 2646 1114 2705 omiseris.

101 2784 103 2789 ,
149 2726 210 2786 Vsi
231 2746 268 2786 eo
287 2736 411 2806 praeter
425 2729 572 2789 comicum
591 2750 684 2809 aquo
700 2750 813 2790 nomeu
827 2731 921 2790 traxit
943 2737 974 2790 et
990 2728 1114 2808 Sappho

150 2819 184 2870 ιι
204 2809 370 2873 Anacreon
398 2809 488 2892 [Atii.
504 2831 529 2872 11
550 2833 601 2893 pg.
618 2815 679 2874 359
696 2811 763 2892 (Μ.
815 2813 962 2893 Sapphici
989 2814 1115 2875 minoris

149 2904 271 2974 partem
284 2899 418 2975 priorem
439 2899 549 2958 omisso
570 2899 676 2958 ultimo
692 2897 908 2979 amphibracho
931 2899 958 2959 si
979 2899 1115 2959 iunxeris

149 2988 248 3040 metro
273 2981 311 3041 de
332 3001 392 3059 quo
416 2983 518 3061 agitur
539 2984 649 3044 oritur:

215 3109 331 3176 XXV.
389 3116 531 3178 Versus
570 3119 783 3198 sapphicus
826 3122 955 3192 maior,
1008 3138 1115 3197 quem

148 3199 267 3277 vulgo
292 3201 435 3261 dicunt.

255 3300 738 3367 ιυι-ιὶυυ.ι1ιυνιυιῦ

254 3387 283 3434 ιι
302 3381 369 3435 deos
387 3400 433 3436 oro
452 3387 570 3452 Sybarin
587 3403 635 3438 cur
652 3403 785 3453 properes
803 3385 927 3438 amando.

145 3469 207 3529 Est
228 3469 281 3529 hic
300 3490 339 3532 ex
360 3491 474 3550 genere
496 3483 756 3553 asynartetorum;
787 3482 818 3534 et
838 3471 931 3532 habet
953 3481 1115 3552 praeterea
