2570 4022
507 206 720 266 Parnassio.
944 198 947 205 ⁴
1047 210 1100 266 XV

134 365 217 446 ‘quis
238 375 335 445 neget
356 366 461 427 arduis
482 367 710 447 pronosselabi
730 386 821 449 posse
838 368 923 430 rivos
944 366 1099 433 montibus

135 459 164 511 et
176 449 317 512 Tiberim
330 449 470 524 reverti’,
492 452 681 512 monendum
699 470 821 532 semper
833 453 891 515 tali
905 452 1096 527 condicione,

133 543 166 594 ut
185 553 236 595 res
253 535 323 614 ipsa
342 535 492 616 postulat,
522 536 676 616 exempla,
700 555 780 616 quae
800 536 959 598 adduntur
979 539 1097 616 generi,

133 619 228 697 magis
261 619 380 680 scilicet
405 618 542 680 viridam
569 639 606 680 ac
632 621 827 700 perspicuam
857 620 1017 683 redditura
1043 620 1099 682 illa

134 703 318 778 orationem,
346 703 450 764 statim
477 704 623 764 continuo
639 703 762 765 ordine
784 720 843 765 nee
865 703 975 765 alicnis
1002 706 1096 766 inter·

133 795 224 866 rupta
236 787 394 866 subiungi.
430 786 514 848 Nota
527 797 630 848 antem
648 788 900 868 interpolatorem
919 786 1097 851 observasse

133 870 265 950 Vergilii
278 870 359 932 illud
374 871 415 933 dc
435 871 545 933 eodem
559 870 685 952 Orpheo
708 872 853 935 ‘threicia
867 872 964 934 fretus
974 873 1097 934 cithara

132 953 304 1035 fidibusque
326 956 476 1021 omarum

193 1071 243 1132 Ib.
268 1072 322 1145 13,
347 1072 388 1131 14
416 1074 487 1149 quid
503 1076 588 1151 prius
615 1077 710 1133 dicam
732 1078 823 1135 solitis
841 1080 976 1151 parentis
1001 1078 1095 1136 laudi·

133 1160 195 1215 bus.
224 1155 309 1216 Illud
329 1154 492 1237 ‘parentis’
515 1166 638 1238 praeter
658 1158 736 1218 alios
757 1158 828 1219 cdd.
849 1159 960 1220 multos
982 1156 1095 1223 Bland.

133 1240 306 1318 antiquiss,
344 1260 412 1302 cum
439 1242 473 1300 in
499 1242 638 1321 margine
660 1250 777 1321 prestet
806 1240 878 1304 ‘rel
905 1245 1095 1323 parentum'‚

136 1343 227 1403 quam
238 1332 365 1385 tuentur
383 1324 550 1386 lectionem
571 1326 682 1406 reliqui
697 1325 770 1386 libri
791 1323 929 1388 eiusdem
951 1328 1093 1406 originis3
1201 1328 1211 1341 ’

17 1404 18 1413 ’
133 1407 246 1468 frustra
277 1416 379 1468 autem
407 1409 468 1471 fuit
499 1409 602 1489 siquid
634 1411 734 1471 sentio
760 1408 1004 1490 Peerlcampius‚
1042 1412 1096 1491 qui

132 1490 211 1552 illud
241 1501 404 1572 parentum
431 1493 470 1555 ab
496 1495 604 1574 inepto
625 1495 846 1574 interpolatore
872 1494 1044 1574 proiectum
1065 1504 1097 1556 et

131 1575 296 1655 indignum
316 1577 472 1658 elegantia
492 1578 597 1639 Flacci
618 1580 727 1640 eodem
748 1579 816 1639 iere
836 1597 943 1652 sensu,
967 1597 1028 1658 quo
1050 1598 1096 1639 re·

130 1661 210 1739 liqui
236 1663 387 1741 parentis,
418 1663 516 1742 accipi
543 1683 633 1743 posse
659 1662 719 1723 sibi
746 1663 908 1743 persuasit.
947 1694 987 1706 -
1022 1663 1097 1723 Mox

17 1734 19 1799 ἶ
131 1765 163 1806 v.
179 1745 219 1803 21
242 1745 274 1805 id
289 1744 373 1825 qnod
390 1754 436 1807 est
449 1748 575 1827 proeliis
597 1748 700 1808 audax
720 1747 761 1808 ad
775 1747 947 1819 Minervam
969 1767 1033 1808 non
1055 1747 1097 1807 ad

17 1844 25 1897 ζ
131 1829 288 1890 Bacchum
314 1831 469 1910 pertinere
496 1833 655 1913 perspexit
674 1832 850 1906 Bentleius,
880 1850 971 1913 quem
998 1833 1097 1892 secuti

17 1974 19 1999 Ι
131 1921 206 1974 sunt
225 1917 505 1992 praestantissimus
527 1918 657 1997 quisque
684 1916 837 1977 editorum
859 1923 890 1977 et
911 1934 1011 1995 nuper
1024 1915 1095 1975 Iah·
1217 1964 1219 1967 .

132 1999 204 2057 nina
224 1997 359 2060 Hermae
380 2017 432 2073 111,
458 2000 528 2061 182.
577 2000 666 2061 Idem
692 2008 781 2081 putat
806 1999 886 2061 illud
914 1998 1026 2061 ‘Liber
1047 2000 1095 2059 et’

132 2090 309 2163 corruptum
330 2102 410 2157 csse,
428 2082 468 2144 'ut
489 2084 530 2144 sit
550 2084 799 2146 substituendum
820 2084 919 2145 rarius
940 2083 1098 2162 quoddam

131 2166 219 2246 quod
237 2167 477 2247 interpolatione
497 2168 538 2230 sit
557 2168 701 2231 baustum
720 2168 845 2230 Dianae
866 2187 989 2229 nomen.

17 2330 19 2335 ,
196 2274 387 2351 1b‚31432
415 2287 443 2337 et
469 2283 572 2338 minax
599 2295 664 2339 oum
691 2283 733 2337 sic
759 2280 878 2339 uoluere
902 2283 990 2352 ponto
1017 2279 1096 2336 undo

130 2363 283 2420 recumbit.
311 2359 428 2422 Verum
441 2371 516 2442 puto
529 2361 614 2424 haud
630 2359 724 2422 dubie
738 2362 822 2440 quod
836 2360 952 2440 placuit
965 2356 1096 2421 Heinsio

17 2458 19 2527 ἐ
131 2451 165 2504 et
183 2442 327 2506 Bentleio
356 2444 418 2509 ‘sic
440 2446 472 2506 di
492 2447 646 2507 voluers'.
690 2445 771 2506 Nam
792 2445 875 2525 quod
896 2443 990 2525 vulgo
1017 2446 1095 2523 opti·

17 2530 19 2607 ξ
130 2534 189 2588 net
211 2530 296 2588 ‘cum
315 2529 361 2590 sio
373 2529 517 2593 voluere’
538 2531 645 2610 inepte
666 2528 869 2607 ταυτολογεῑ;
893 2537 924 2590 et
946 2529 1097 2590 excidisse

17 2610 19 2679 i
129 2612 274 2675 voculam
304 2612 337 2673 in
366 2615 584 2694 antiquissimis
612 2613 837 2695 exemplaribus
862 2614 983 2686 Flacci,
1017 2615 1097 2674 sicut

129 2694 209 2756 alibi
230 2716 461 2777 nonnumquam
480 2700 515 2759 in
534 2699 646 2772 isdem,
671 2699 793 2761 rimanti
806 2698 947 2759 lectionis
964 2697 1095 2758 varieta-

17 2790 19 2871 ἑ
129 2790 196 2855 tes,
218 2799 295 2860 quas
316 2781 432 2845 videre
444 2790 492 2844 est
513 2784 598 2864 apud
617 2782 792 2857 Kellerum‚
816 2782 908 2845 facile
929 2790 1067 2862 apparet.

17 2924 19 2977 3
196 2890 388 2953 lber-44.
404 2889 539 2955 Omnino
554 2893 764 2955 accedendum
779 2891 950 2953 existimari
958 2890 1097 2973 Hauptio

129 2976 187 3054 qui
209 2974 359 3039 delendos
378 2975 437 3037 bos
457 2979 566 3039 merit
584 2996 692 3040 sersus
715 2972 801 3056 [vide
815 2975 996 3056 Dyckhoifii
1008 2976 1096 3038 libel-

127 3060 199 3123 lum
219 3058 427 3125 academicum
449 3061 488 3125 de
502 3061 579 3123 Hor.
600 3063 659 3122 loc.
672 3081 756 3140 susp.
773 3080 825 3140 pg.
842 3062 880 3120 13
896 3056 994 3140 sqq.]‚
1019 3079 1096 3140 quos

128 3143 261 3224 quidem
281 3145 399 3205 alienos
421 3164 441 3206 a
461 3147 618 3226 proposito
640 3145 783 3208 carminis
811 3153 842 3205 et
863 3147 984 3205 ratione
1005 3164 1096 3222 quam

17 3242 19 3299 ἲ
128 3231 168 3291 in
182 3229 420 3289 virisRomanis
442 3228 633 3291 celebrandis
655 3239 776 3312 secutus
792 3228 980 3290 estFlacous
1001 3229 1096 3305 supti-

17 3322 19 3395 ᾗ
127 3314 196 3373 lius
216 3314 387 3392 inquirenti
400 3313 510 3375 lucide
531 3314 703 3395 adparebit.
745 3314 839 3374 Vnde
860 3313 892 3371 in
914 3332 965 3370 vr.
977 3311 1032 3383 35,
1055 3313 1095 3370 36

17 3406 19 3441 ἰ
82 3416 85 3421 ’
128 3398 227 3459 facile
248 3396 418 3461 carebimus
440 3398 622 3460 coniecturis
648 3399 819 3470 doctorum,
847 3393 996 3472 equibus
1019 3395 1095 3455 duas

17 3508 19 3539 ι
126 3480 349 3543 memorandas
370 3483 555 3557 existimavi,
578 3483 702 3544 Bentlei
724 3485 824 3541 ‘anne
846 3477 958 3552 Ourti',
982 3479 1094 3539 Hama-
