2558 4022
115 234 211 308 nm]
516 236 624 292 uisne
644 237 666 293 1.
695 226 700 231 '
1012 227 1076 295 203

15 428 17 467 ς
115 397 160 463 'lu
182 396 392 465 mediastinus
413 396 509 463 busita
529 419 623 482 prece
643 420 718 464 rura
737 400 881 498 petebas,

15 478 17 541 i
114 482 207 548 Nunc
228 482 341 546 urbem
362 485 395 546 ei
415 482 506 549 ludos
529 485 562 547 eb
581 482 696 547 belnea
716 484 828 548 vrhcus
851 486 957 569 opbss3
1044 493 1076 544 re

114 566 165 632 Me
187 568 334 631 constare
355 565 436 630 mihi
457 566 519 631 scis
541 568 574 631 el
595 566 756 632 discedere
775 568 917 651 tristem,

15 696 16 699 κ
114 649 384 746 Quandocumque
402 648 535 715 trahunt
555 650 658 715 invisa
678 651 809 736 negotia
828 651 974 716 Romam.

15 808 17 815 J
112 734 186 802 Non
208 734 319 799 eedem
340 755 509 819 miremur;
530 755 568 799 eo
590 734 789 800 disconvenit
808 735 893 800 inter

113 819 164 884 Me
186 840 226 882 ue
241 821 275 883 et
287 820 335 882 be:
356 839 433 882 nem
447 839 529 902 quae
543 818 668 883 deserta
681 822 714 883 eb
726 819 890 917 inhospita
902 822 1015 903 tesqua

15 968 16 973 ,
113 902 173 969 Ore
198 903 239 985 's,
261 922 397 966 amoena
417 906 510 968 vocab
531 924 656 968 mecum
677 904 732 986 qui
753 905 866 987 senui,
888 906 921 968 et
941 902 1010 968 odit
1044 915 1077 964 20

113 987 200 1063 Quae
213 989 251 1050 lu
264 985 399 1070 pulchra
409 989 514 1134 gulas.
538 984 657 1052 Fornix
670 988 731 1052 libi
742 991 775 1052 eb
784 987 1015 1135 unctaquopina

15 1090 17 1093 ·
114 1070 278 1138 Incutiunb
298 1069 387 1134 urbis
431 1070 614 1154 ssiderium,
635 1071 744 1156 rideo,
767 1073 800 1136 eb
820 1092 883 1155 quo

113 1155 262 1241 Angelus
282 1155 344 1219 rste
365 1153 448 1219 ferei
467 1155 559 1239 piper
581 1159 614 1220 el
634 1158 686 1220 ius
708 1156 796 1220 ocius
817 1177 894 1240 uve,

113 1239 183 1305 Nec
204 1239 309 1305 vicine
330 1239 441 1304 subest
460 1238 571 1303 vinum
591 1239 743 1323 praebere
763 1240 906 1307 taberna.

113 1323 203 1400 Quae
223 1321 328 1407 possib
348 1322 423 1405 tibi,
444 1344 505 1388 nee
525 1324 675 1389 meretrix
696 1323 846 1407 tibicina,
872 1325 961 1390 cuius
1045 1336 1078 1387 2⁶

114 1406 166 1472 Ad
182 1410 248 1472 stre
271 1407 352 1471 itum
366 1407 461 1472 salias
475 1409 577 1472 terrae
591 1407 714 1493 gravis:
732 1410 765 1472 sb
777 1411 886 1472 temen
899 1430 1016 1494 urgues

112 1491 234 1575 Iampri
256 1513 306 1555 em
328 1512 395 1555 non
414 1494 504 1555 tuobe
524 1491 686 1588 ligonibus
708 1512 796 1574 arva,
819 1490 995 1576 bovemque

114 1574 320 1640 Disiunctum
342 1596 432 1640 curas
454 1576 626 1640 obstrictis
648 1574 816 1641 frondibus
838 1577 959 1661 exples3

113 1659 216 1724 Addit
236 1680 316 1743 opus
338 1659 431 1745 pigro
452 1659 555 1743 rivus,
581 1661 611 1725 si
631 1659 748 1725 decidii
768 1661 885 1743 imber,

115 1744 219 1809 Multa
239 1745 323 1807 mols
345 1742 506 1808 docendus
529 1744 636 1827 aprico
657 1765 787 1830 parcere
808 1748 909 1829 prebe.
1047 1757 1081 1807 30

113 1828 210 1894 Nunc
225 1849 300 1914 age,
323 1827 402 1911 quid
412 1831 559 1892 noslrum
574 1833 763 1897 concentum
778 1828 911 1914 dividat,
933 1828 1015 1894 audi.

115 1912 218 1988 Quem
239 1915 350 1977 tenues
373 1911 504 1977 decuere
525 1916 621 1998 bogae
642 1913 799 1998 nitidique
821 1914 944 1999 capilli,

114 1996 218 2073 Quem
239 1996 302 2061 scis
323 1996 488 2061 inmunem
509 1995 643 2061 (linares
664 1998 821 2081 placuisse
841 1998 964 2082 rapaci,

116 2080 222 2157 Quem
241 2079 385 2145 bibulum
407 2080 520 2164 liquidi
540 2080 646 2145 media
667 2080 705 2145 de
727 2081 798 2145 luce
818 2081 961 2164 Falerni,

115 2163 205 2230 Cena
219 2164 324 2229 brevis
338 2165 427 2229 iuvsb
440 2166 473 2229 eb
485 2185 587 2248 prope
600 2165 703 2229 rivum
716 2185 847 2229 somnus
861 2165 897 2228 in
910 2164 1018 2230 herba.
1048 2178 1081 2229 3⁶

114 2249 185 2316 Neo
207 2248 321 2313 lusisse
342 2248 455 2332 pudet,
478 2247 534 2313 sed
555 2270 623 2312 non
642 2248 781 2314 incidere
803 2248 922 2313 ludum.

113 2333 193 2399 Non
214 2332 287 2396 istie
309 2333 438 2416 obliquo
460 2332 553 2397 oculo
574 2353 646 2397 mea
665 2331 832 2398 commoda
852 2332 1018 2415 quisquam

114 2416 237 2499 Limab,
258 2437 326 2480 non
346 2415 421 2481 odio
442 2416 577 2481 obscuro
599 2437 769 2501 morsuque
789 2419 941 2500 venenab3

115 2500 238 2566 Ridens
258 2500 355 2566 ricini
398 2500 506 2565 leebas
528 2505 562 2565 et
582 2521 658 2566 saxa
678 2503 868 2566 moventem.

115 2585 201 2651 Oum
223 2586 322 2649 servis
343 2523 465 2651 urbana
486 2585 586 2650 diaria
605 2585 717 2651 rodere
736 2587 854 2669 marie,
1050 2598 1083 2647 40

115 2669 244 2734 Horum
265 2672 301 2733 lu
321 2668 357 2732 in
377 2691 544 2734 numerum
565 2673 640 2735 vobo
661 2670 741 2755 ruis3
764 2670 886 2736 invidet
906 2692 999 2735 usum

115 2754 297 2838 Lignorum
319 2755 352 2817 eb
371 2754 494 2837 pecoris
516 2753 577 2818 tibi
598 2753 667 2819 calo
689 2758 818 2839 argutus
841 2758 873 2817 el
893 2752 988 2819 horti.

116 2837 220 2922 Optat
241 2835 392 2921 ephippia
411 2837 471 2902 bos
514 2838 598 2922 iger,
620 2840 710 2921 optat
731 2859 819 2902 arere
841 2837 999 2921 cabellum

116 2921 223 2997 Quam
233 2921 449 3005 scienterque,
465 2860 576 3005 libens,
592 2922 738 3005 censebo,
753 2924 898 2986 exerceat
911 2925 1020 2986 urbem.

529 3097 679 3105 --—-.---..

470 3200 473 3207 ⁴
564 3213 642 3288 XV.

115 3344 268 3423 Quaene
281 3343 383 3409 hiems
398 3344 519 3427 Veliae,
534 3345 620 3428 quod
634 3346 766 3428 caelum,
782 3341 871 3425 Vela,
888 3342 1022 3426 Salerni,

115 3428 264 3506 Quorum
276 3427 443 3493 hominum
451 3429 542 3514 regio
552 3431 586 3493 et
596 3429 697 3514 qualis
708 3429 760 3496 via
771 3428 861 3511 (nam
871 3426 951 3491 mihi
958 3426 1053 3491 Baias

114 3512 216 3580 Musa
237 3534 447 3596 supervacuas
469 3513 646 3597 Antonius,
670 3516 704 3579 ei
722 3515 832 3576 tamen
852 3512 917 3576 illis
