2570 4022
523 215 736 273 PRAEFATIO.
1043 217 1108 271 XXI

203 373 253 437 Ib.
277 376 316 436 21
338 394 384 455 sq.
406 392 451 435 me
472 392 585 453 queque
607 379 712 436 devexi
732 378 856 451 rapidus
878 393 973 436 eomes
996 377 1108 436 Orionis

141 461 275 538 Illyricis
294 469 376 520 rotet
396 462 490 520 obruit
511 464 604 519 undis.
642 458 777 520 Omnino
799 460 1010 540 recipiendum
1031 469 1106 535 erut,

143 548 202 607 etsi
216 547 305 607 tenui
318 543 458 605 codicum
472 546 654 605 auctoritate
669 544 829 617 munitum,
851 545 932 606 illud
947 544 1106 619 ‘rabidus',

143 650 213 690 eum
240 648 304 690 non
332 628 521 690 celeritatem
540 629 648 689 Austri
675 627 731 689 sed
752 629 931 690 violentiam
959 629 1107 691 hocloco

141 714 335 794 tangendam
361 714 457 774 inisse
484 715 669 775 sententiam
692 712 783 772 altius
810 713 1035 792 introspicienti
1062 714 1107 775 ie·

142 800 203 860 cile
223 805 382 880 appareat.
410 797 520 877 Neque
535 818 607 859 curo
622 798 814 859 membranas
828 817 908 858 esee.
923 816 996 858 v1111
1010 797 1062 859 vel
1075 818 1105 873 x,

142 885 197 963 qui
218 885 313 944 scium
334 885 396 942 ism
415 882 469 942 illo
490 891 628 962 tempore
649 891 742 962 etque
764 882 856 942 etium
877 882 978 961 priore
1000 900 1108 961 perum

143 970 241 1028 luisse
263 975 453 1046 compertum
467 967 679 1046 grammaticis,
703 968 785 1026 inter
798 966 940 1047 rapidum
955 974 1000 1039 ct,
1024 968 1108 1045 quod

142 1055 242 1113 rarius
263 1050 442 1112 occurrebat
454 1051 650 1125 vocobulum,
674 1050 815 1110 rubidum
836 1051 912 1130 quid
933 1052 1106 1112 interesset.

144 1137 276 1199 Glossue
294 1135 522 1215 Lugdunenses
545 1132 644 1214 [mh.
660 1157 691 1215 p.
708 1136 748 1196 67
762 1135 791 1194 Ε
812 1155 863 1215 pg.
880 1131 936 1213 50]
962 1135 1107 1215 ‘rupidus

143 1222 237 1282 velox
256 1220 390 1293 furens',
418 1220 498 1281 elice
521 1216 574 1300 [m.
595 1220 617 1280 l.
639 1220 679 1281 V.
701 1218 738 1279 F.
762 1216 817 1298 24]
840 1219 999 1299 ‘rapidum
1019 1238 1107 1299 reps-

143 1326 210 1367 cem
230 1304 427 1379 violentum’,
450 1305 526 1384 quin
549 1305 675 1365 eaedem
698 1302 840 1383 ‘rtpiunt
861 1304 1064 1365 fervescunt’.

205 1389 255 1450 ΙΙ).
271 1389 313 1447 24
334 1392 447 1449 ossibus
467 1398 496 1448 ct
510 1395 602 1464 capiti
620 1391 776 1449 inhumato.
808 1387 1006 1449 Conferendu
1027 1408 1108 1468 quee

144 1475 278 1535 diximus
293 1473 323 1537 d.
339 1494 364 1535 r.
379 1494 419 1534 m.
439 1493 491 1553 pg.
508 1474 568 1533 311
592 1481 624 1533 et
644 1492 724 1553 quoe
745 1491 818 1532 mox
839 1472 973 1533 dicemus
995 1474 1036 1533 ad
1058 1493 1107 1555 ep.

145 1561 195 1633 11,
213 1559 254 1616 24
277 1559 362 1618 etin
383 1555 489 1619 libello
511 1557 583 1618 huie
604 1557 792 1638 praefationi
812 1556 944 1620 adiecto.

207 1661 230 1716 1,
247 1643 297 1716 32,
315 1643 354 1702 15
376 1645 460 1703 dulce
480 1646 603 1702 lenimen
625 1646 821 1717 medicumque
843 1645 933 1701 sulec.
954 1646 1094 1701 medicum

143 1744 201 1806 que
222 1726 455 1801 Lachmannus,
478 1730 549 1784 milti
569 1743 690 1801 cumque
711 1725 782 1787 edd.

206 1829 234 1885 1,
258 1813 309 1872 35.
343 1811 436 1871 Hane
457 1810 540 1879 oden
560 1812 593 1871 in
609 1810 776 1891 exemplari
797 1830 852 1871 suo
875 1811 1027 1872 adnexam
1040 1811 1108 1872 sine

142 1895 307 1956 intervallo
330 1895 530 1976 praecedenti
556 1896 677 1956 invenit
699 1895 866 1956 Diomedes
891 1891 954 1976 [pg.
975 1897 1036 1955 521
1057 1893 1107 1976 Pl.

141 1981 264 2041 Tamen
277 1981 401 2040 minime
416 1979 624 2041 accedendum
637 1988 712 2060 puto
727 1979 949 2061 Peerlcumpio,
966 1981 1019 2059 qui
1034 1979 1109 2040 dieit

142 2083 235 2144 posse
262 2064 396 2143 aliquem
423 2065 573 2143 suspicari
601 2084 669 2124 eum
695 2064 887 2144 iungendum
913 2084 979 2126 esse
1001 2065 1107 2144 priori.

141 2149 240 2209 Immo
262 2147 334 2211 huic
353 2149 381 2208 si
403 2147 540 2209 obsecuti
555 2149 679 2221 erimus,
702 2150 981 2228 mirumquantum
995 2165 1107 2210 ταυτο-

142 2230 280 2309 λογήσει
308 2233 422 2307 oratio,
452 2253 521 2293 cum
546 2233 654 2292 ultime
675 2233 802 2311 stropho
829 2232 972 2292 earminis
993 2250 1108 2291 mnu

142 2318 238 2396 plane
267 2317 376 2377 eodem
397 2335 491 2378 sensu
511 2318 553 2377 sit
573 2336 634 2398 quo
656 2318 754 2396 prime
775 2313 998 2394 subsequentis.
1041 2316 1109 2376 Neo

142 2411 217 2481 apte
243 2400 412 2462 tribuemus
434 2401 564 2462 Horatio
591 2402 673 2460 ultro
701 2401 833 2480 repetitu
854 2400 992 2480 proximo
1015 2401 1108 2460 inter·

141 2486 226 2546 vello
248 2486 303 2546 ills
324 2489 440 2546 suuulit
465 2517 502 2529 -
527 2490 637 2546 tollere.
679 2485 727 2545 Ac
754 2494 857 2546 tamen
879 2485 1108 2546 necessitudine

142 2570 278 2648 quedam
299 2571 414 2630 artiore
431 2590 512 2630 nexo
533 2579 606 2630 sunt
628 2579 659 2630 et
671 2570 770 2650 ligatu
791 2570 873 2630 inter
886 2588 920 2630 se
934 2569 1012 2630 haec
1034 2590 1107 2649 opu-

141 2654 243 2731 seu1e3
267 2656 383 2735 quippe
405 2663 534 2735 apparet
554 2654 718 2715 Horatium
738 2654 797 2727 hic,
820 2655 899 2715 sieut
920 2652 994 2715 olibi
1015 2673 1108 2733 saepe

141 2748 285 2799 emerunt
312 2740 431 2819 etipse
457 2747 489 2799 et
509 2739 620 2819 reliqui
641 2747 753 2818 poetae
774 2737 892 2812 Latini,
923 2739 1109 2799 sententium

141 2841 236 2902 quum
258 2824 291 2881 in
305 2823 367 2883 fine
386 2824 535 2903 poematis
550 2833 694 2903 posuerat
714 2824 876 2903 repetitum
896 2822 1020 2902 longius
1042 2842 1108 2883 esse

140 2915 306 2967 executum
322 2908 401 2968 euris
413 2907 570 2988 proximis,
599 2908 656 2982 Ite,
672 2915 708 2967 nt
717 2908 824 2989 paucis
841 2907 994 2987 defungar
1009 2927 1108 2968 exem·

139 2991 217 3071 plis,
240 2990 294 3050 lib.
310 3009 349 3050 111
370 2994 513 3055 carminis
536 2993 554 3052 3
577 2993 699 3053 initium
721 2992 911 3072 apertissime
932 2992 1050 3073 pendet
1071 3011 1110 3052 ex

139 3075 254 3155 prioris
275 3075 392 3136 ultimis
407 3085 475 3137 octo
490 3076 644 3151 versibus,
668 3079 712 3137 ite
727 3097 796 3137 cum
817 3078 850 3136 in
864 3077 926 3138 fine
948 3078 1031 3137 illius
1046 3096 1108 3134 mo·

138 3161 261 3221 nuisset
282 3168 377 3240 poete
397 3160 562 3222 sceleratos
590 3180 711 3240 semper
731 3162 833 3223 timori
855 3162 893 3222 ob
916 3162 1034 3240 flagitia
1055 3159 1108 3219 ed·

138 3246 234 3305 missa
248 3263 316 3306 esse
328 3244 477 3307 obnoxios
490 3255 601 3325 sponte
614 3246 771 3306 traductus
786 3255 832 3307 est
846 3247 887 3306 ad
902 3266 972 3307 eum
986 3262 1110 3304 sensum

139 3347 202 3408 quo
225 3330 395 3409 proximum
415 3331 591 3409 suspicatus
614 3339 661 3391 est
683 3331 764 3391 oden
786 3332 886 3391 virum
904 3328 1020 3389 bonum
1040 3328 1108 3387 nul-

137 3412 180 3472 lis
201 3414 330 3492 percelli
351 3414 527 3475 terroribus.
571 3415 660 3475 Idem
681 3434 749 3475 oum
771 3417 806 3488 3,
831 3415 870 3473 69
892 3431 959 3492 sqq.
984 3413 1111 3472 dixisset

138 3498 287 3577 graviore
308 3516 400 3580 quem
415 3519 494 3579 quae
515 3500 604 3580 lyrae
627 3500 829 3560 convenirent
850 3498 949 3557 relate
970 3496 1029 3556 hoc
1043 3517 1108 3557 eer-
