2610 4028
131 226 224 300 xva]
564 227 680 282 urana.
1043 221 1100 284 121

202 387 301 452 Mella
322 409 400 453 aava
420 391 554 453 manant
574 409 613 453 ex
634 390 721 472 ilice,
743 389 905 454 montibus
928 390 1000 454 altis

244 471 338 537 Levis
359 477 509 557 crepante
531 471 662 556 lympha
683 472 790 537 desilit
811 473 899 557 pede.

202 555 273 621 Illic
295 556 435 622 iniussae
456 557 589 622 veniunt
610 556 649 620 ad
670 556 806 621 mulctra
827 558 982 641 capellae,

244 639 416 724 Refertque
437 643 526 706 tenta
546 662 624 726 grex
646 641 767 706 amicus
787 640 901 724 ubera,
1069 654 1103 705 50

200 724 272 791 Neo
292 725 491 809 vespertinus
513 725 732 811 circumgemit
752 746 844 790 ursus
867 726 964 809 ovile,

244 807 314 874 Nec
334 809 519 874 intumescit
540 809 605 872 alta
625 810 742 893 viperis
763 808 889 873 humus.

201 892 360 977 Pluraque
382 893 490 958 felices
511 892 711 976 mirabimur,
733 896 770 957 ut
789 915 811 957 n
852 914 892 957 ue
913 893 1011 980 largis

246 977 395 1060 Aquosus
416 977 521 1043 Eurus
544 997 620 1040 arva
640 977 732 1041 radat
753 976 847 1041 imbrr
870 998 922 1060 us,

233 1062 240 1074 '
313 1061 342 1125 'a
362 1082 422 1126 nec
443 1061 536 1127 siccis
551 1064 691 1139 ⁴urantur
711 1061 833 1126 semina
853 1061 992 1146 glaebis,
1069 1075 1102 1126 56

275 1149 421 1228 tuumque
442 1167 518 1231 rege
538 1148 735 1228 temperante
757 1146 913 1211 caelitum.
983 1180 985 1183 ·

201 1228 280 1295 Non
299 1228 362 1294 huc
381 1229 491 1314 Argoo
515 1228 680 1295 contendit
699 1230 820 1326 remige
840 1230 949 1314 pinus,

187 1389 188 1393 Ἰ
245 1312 279 1378 Ν
317 1334 357 1377 ue
378 1312 529 1410 inpudica
550 1311 679 1379 Colchis
700 1313 810 1378 intuht
829 1313 957 1398 pedem3

200 1396 279 1462 Non
322 1417 363 1461 uu
384 1395 507 1462 Srdonii
528 1400 690 1461 torsenmt
711 1417 830 1462 cornua
849 1402 965 1462 nautae

244 1479 419 1551 Laboriosa
439 1503 499 1552 nee
521 1480 635 1546 cohors
657 1479 771 1545 Vlixei.
1069 1496 1103 1546 su

200 1563 302 1629 Nulla
322 1568 440 1629 nocent
459 1566 567 1649 pecori
589 1565 753 1650 contagia,
774 1563 894 1628 nullius
916 1566 994 1629 astri

246 1647 384 1734 Gregem
405 1652 553 1714 aestuosa
572 1652 674 1713 torret
694 1649 882 1732 inpotentia.

200 1730 239 1797 Iu
285 1733 346 1797 iter
366 1732 423 1796 illa
443 1734 516 1818 piae
538 1733 672 1798 secrevit
692 1732 786 1796 litora
806 1733 911 1817 genti,

240 1754 290 1880 ldl
310 1817 345 1880 in
367 1817 491 1882 uinavit
512 1838 584 1882 aere
604 1820 730 1900 tempus
752 1838 899 1902 aureum;

200 1900 301 1983 Aere,
323 1837 437 1966 dblrino
459 1901 543 1966 ferro
566 1900 691 1965 duramt
712 1901 852 1985 saecula,
875 1922 1010 1985 quorum
1068 1914 1101 1966 ab

244 1982 311 2048 Piis
334 1985 472 2049 secunda
494 1989 565 2049 vate
586 2006 638 2049 me
660 1985 753 2048 datur
773 1985 860 2071 fuga.
969 2054 971 2059 ,

544 2155 686 2167 ——nun

561 2274 672 2348 XVII.

200 2402 367 2468 ‘Iamiam
389 2404 511 2471 efficaci
533 2405 573 2470 do
595 2425 708 2468 manus
733 2403 898 2489 scientiae,

200 2485 342 2571 Supplex
365 2491 397 2552 et
418 2510 474 2553 oro
495 2508 596 2574 regna
617 2510 674 2573 per
695 2488 921 2574 Proserpinae,

197 2570 261 2636 Per
283 2574 315 2635 et
336 2570 459 2637 Dianae
480 2593 546 2637 non
567 2573 726 2638 movenda
746 2573 892 2657 numina,

198 2654 262 2719 Per
283 2659 377 2739 atque
398 2656 497 2722 libros
519 2657 696 2721 carminum
716 2658 892 2722 valentium

198 2738 311 2804 Refira
332 2741 419 2805 eaelo
441 2741 595 2807 devocare
617 2741 736 2824 sidera,
1084 2755 1102 2808 u

199 2821 350 2906 Canidia,
371 2846 466 2908 pareo
488 2826 619 2890 vocibus
640 2825 771 2889 tandem
793 2825 891 2888 sacris

199 2906 370 2991 Citumque
391 2912 476 2974 retro
498 2911 601 2991 solve,
625 2910 712 2974 solve
734 2908 911 2975 turbinem!

199 2990 303 3056 Movit
322 2996 471 3075 nepotem
493 2991 651 3076 Telephus
673 2992 840 3075 Nereium,

197 3073 239 3139 In
260 3095 355 3159 quem
377 3076 531 3161 superbus
553 3077 717 3141 ordinarat
737 3077 868 3162 agmina

196 3157 361 3242 Mysorum
383 3164 416 3225 et
436 3161 471 3227 in
488 3182 586 3307 puem
606 3162 673 3225 tela
693 3164 787 3225 acuta
808 3164 953 3226 torserat.
1069 3175 1101 3226 10

197 3241 325 3308 Vnrere
348 3247 466 3309 matres
505 3244 566 3308 liae
590 3244 751 3309 addietum
772 3245 849 3309 feris

198 3326 341 3390 Alitibus
362 3331 457 3412 atque
479 3329 611 3393 canibus
633 3328 826 3393 homicidam
848 3327 1020 3393 Hectorem
1025 3378 1035 3413 ,

195 3409 372 3494 Postquam
393 3412 513 3477 relictis
535 3412 702 3477 moenibus
723 3434 780 3477 rex
800 3411 939 3496 procidit
1039 3436 1042 3441 ’

195 3491 270 3559 Heu
290 3496 466 3579 pervicacis
489 3495 528 3560 ad
550 3496 647 3580 pedes
669 3495 816 3561 Achillei.
