2558 4022
102 242 135 315 r]
502 239 610 296 urana
631 241 665 297 rr.
1004 237 1069 302 219

23 454 25 457 v
101 402 273 490 Agricolae
294 401 406 487 prisci,
428 401 529 468 fortes
550 424 711 488 parvoque
731 404 832 490 beati,

101 486 240 555 Condita
253 486 335 572 'post
355 485 515 552 frumenta
536 486 678 553 levantes
700 491 843 573 tempore
864 490 948 555 festo
1018 502 1067 552 140

101 572 225 657 Corpus
241 573 274 636 et
289 571 395 655 ipsum
409 570 551 636 animum
565 592 621 655 spe
642 571 715 637 finis
738 572 816 638 dura
836 574 1001 659 ferentem,

101 655 183 723 Cum
205 655 300 721 sociis
323 675 455 739 operum
492 655 600 739 pueris
623 660 656 721 et
677 657 813 743 coniuge
835 657 912 741 fida,

101 740 262 807 Tellurem
283 760 396 823 porco,
419 704 583 805 Sisrauum
604 739 687 805 lacte
708 741 856 826 piabant,
936 788 939 793 ,

101 824 250 890 Floribus
271 826 305 888 et
324 823 399 888 vinc
423 822 560 889 Genium
581 845 753 890 memorem
775 826 879 891 brevis
901 826 981 891 aevi.

101 908 300 975 Fescennina
320 929 378 992 per
398 906 484 973 hunc
505 908 632 973 invecta
652 910 782 974 licentia
802 931 925 976 morem
1018 924 1064 972 145

100 991 256 1059 Veratius
277 991 407 1058 alternis
429 992 602 1076 opprobria
621 994 741 1059 rustica
763 993 862 1079 fudit,

101 1076 307 1160 Libertasque
328 1080 526 1142 recurrentes
547 1080 678 1161 accepta
698 1100 755 1162 per
777 1099 878 1143 annos

100 1161 193 1227 Lusit
213 1159 407 1243 amabiliter,
429 1160 531 1226 donec
552 1161 616 1226 iam
638 1183 749 1228 saevus
771 1166 914 1248 apertam

101 1245 142 1310 In
162 1244 285 1310 rabiem
306 1245 412 1329 coepit
432 1246 513 1310 verti
534 1245 623 1310 iocus
645 1249 679 1311 et
698 1267 756 1331 per
776 1246 928 1312 honestas

100 1329 153 1394 Ire
175 1329 287 1394 domos
308 1329 429 1427 inpune
449 1330 566 1394 mium.
609 1328 749 1395 Doluere
771 1335 903 1397 cruento
1016 1344 1066 1394 150

101 1412 207 1479 Dente
227 1412 399 1497 laccessuti,
421 1413 484 1478 fuit
504 1413 633 1478 intactis
655 1434 780 1498 quoque
802 1436 879 1480 cura

101 1497 299 1563 Condicione
320 1518 416 1581 super
436 1498 611 1581 communi,
633 1498 712 1581 quin
732 1499 830 1564 etiam
850 1500 903 1565 lex

101 1580 191 1648 Poen
232 1602 272 1647 ue
282 1582 356 1664 lata,
365 1581 450 1646 malo
462 1602 543 1665 quae
551 1582 654 1646 nollet
662 1583 801 1648 carmine
811 1604 1002 1669 quemquam

102 1603 262 1752 Descridi3
285 1670 408 1732 vertere
426 1665 557 1731 modum
577 1665 747 1733 formidine
768 1667 862 1733 tastis

103 1834 237 1901 Graecia
259 1836 353 1919 capta
373 1834 476 1899 ferum
496 1835 651 1900 rictorem
673 1836 759 1920 cepit
795 1839 828 1901 et
850 1838 933 1902 artes

102 1917 217 1984 intua
237 1919 357 2004 agresti
377 1917 486 1983 muoz
509 1919 555 1984 sa
576 1919 724 1984 noradus
746 1885 800 1986 ile

102 2001 244 2068 Defluxit
263 2024 415 2068 numerus
437 2000 618 2086 Saturnius,
641 2006 674 2068 et
695 2025 793 2089 grave
814 2007 900 2072 virus

101 2086 278 2152 Munditiae
322 2087 463 2173 epulare,
487 2087 593 2151 sedin
614 2087 747 2172 longum
767 2092 877 2154 tamen
890 2111 1002 2156 aevum

102 1750 155 1815 Ad
175 1750 257 1816 bene
279 1749 448 1815 dicendum
469 1750 751 1835 delectandumque
771 1750 902 1818 redacti.
1017 1764 1065 1817 155

101 2170 289 2240 Manseruut
333 2170 466 2255 odisque
487 2174 618 2235 manent
638 2172 774 2256 vestigia
794 2175 886 2238 ruris.
1017 2187 1066 2237 160

102 2254 198 2321 Serus
220 2256 305 2320 enim
328 2254 457 2321 Graecis
479 2254 621 2320 admovit
641 2256 788 2321 acumina
801 2257 936 2339 chartis,
963 2280 972 2287 ·

101 2338 147 2404 Et
190 2349 241 2405 ost
261 2338 383 2405 Punica
402 2339 488 2405 bella
530 2339 634 2404 uietus
655 2360 805 2423 quaerere
826 2341 946 2426 coepit,

102 2361 189 2500 Quid
219 2421 393 2507 Sophocles
424 2426 459 2487 et
489 2360 539 2487 'dd
710 2510 728 2573 f
818 2513 831 2574 t

725 2530 839 2575 erren.

540 2424 624 2508 espis
654 2428 686 2489 et
715 2424 893 2509 Aeschylus
923 2425 1001 2490 utile
1178 2410 1229 2493 ’Ἑρ
1246 2416 1250 2421 ’

101 2591 181 2657 'l‘em
203 2592 284 2658 tavit
304 2612 429 2677 quoque
449 2614 518 2658 rem
539 2593 567 2658 si
589 2593 686 2679 digne
708 2598 829 2659 vertere
850 2597 974 2679 posset,
1104 2622 1106 2625 v
1162 2554 1250 2635 ’ζ

100 2676 147 2741 Et
166 2615 288 2762 piacuit
308 2677 383 2760 sibi,
404 2680 520 2742 natura
541 2677 686 2743 sublimis
708 2682 741 2743 et
762 2700 848 2744 acer:
1014 2689 1064 2740 165

100 2760 188 2827 Nam
209 2760 310 2847 spirat
329 2762 487 2848 tragicum
508 2763 585 2826 satis
607 2765 639 2827 et
660 2763 795 2828 feliciter
816 2762 925 2845 audet,
1154 2796 1158 2803 ·
1254 2770 1255 2789 ’

100 2843 166 2911 Sed
185 2848 311 2929 turpem
332 2849 425 2930 putat
444 2846 558 2911 inscite
577 2846 752 2929 metuitque
773 2847 913 2911 lituram·

100 2927 265 3012 Creditur,
287 2949 326 2994 ex
347 2928 452 2995 medio
474 2931 549 3014 quia
568 2952 619 2995 res
642 2931 788 3012 arcessit,
810 2929 927 2995 habere

100 3011 233 3078 Sudoris
253 3013 435 3097 minimum,
457 3014 514 3079 sed
534 3013 632 3079 habet
652 3014 816 3081 comoedia
837 3016 928 3079 tauto
1174 3050 1255 3099 ,aga

99 3096 177 3161 Plus
189 3098 304 3181 oneris,
317 3100 436 3183 quanto
447 3099 557 3163 veniae
568 3100 682 3164 minus.
705 3099 774 3165 Ads
797 3100 855 3181 ice,
868 3098 999 3164 Plautus
1017 3110 1065 3160 170

100 3179 172 3256 Quo
194 3184 288 3265 pacto
309 3185 417 3267 partes
439 3185 560 3248 tutetur
581 3184 718 3248 amantis
740 3122 869 3268 epirebi,
1189 3174 1247 3213 ‘³

99 3263 147 3330 Vt
167 3266 268 3349 patris
290 3267 420 3349 attenti,
440 3267 566 3332 lenonis
586 3271 623 3332 ut
643 3268 804 3349 insidiosi,

100 3348 247 3425 Quantus
269 3350 312 3414 sit
332 3349 519 3415 Dossennus
542 3351 690 3417 edacibus
710 3352 746 3416 in
766 3350 931 3435 parasitis,

100 3433 206 3509 Quam
225 3456 293 3499 non
314 3434 467 3500 adstricto
488 3440 653 3533 percurrat
667 3435 798 3584 pulpita
818 3455 929 3500 socco:

101 3517 209 3584 Gestit
219 3519 303 3584 enirn
314 3540 480 3584 nummum
490 3541 525 3583 1n
535 3519 657 3585 loculos

688 3519 841 3604 emittere,
853 3521 928 3604 post
938 3518 999 3585 hoc
1016 3531 1064 3582 175
1119 3500 1251 3614 ¹·
