2558 4022
18 250 19 253 a
131 191 191 266 111]
526 192 689 249 1111111.
1028 183 1089 251 231

128 353 322 440 Indignatur
342 355 420 420 item
441 355 572 438 privatis
595 376 631 452 ac
652 375 752 438 prope
774 368 867 420 socco
1058 364 1094 416 00

130 438 247 524 Dignis
270 440 462 504 carminibus
483 460 606 503 narrari
628 459 708 503 cena
729 437 896 522 Thyestae.

129 522 266 609 Singula
286 544 428 609 quaeque
449 524 555 589 locum
576 526 708 589 teneant
721 524 834 588 sortita
854 522 1027 589 decentem.

130 606 296 672 Interdum
323 612 430 671 tamen
455 611 488 673 et
508 628 619 673 vocem
640 607 804 672 comoedia
821 607 925 690 tollit,

129 691 299 776 Iratusque
320 692 471 758 Chremes
492 691 614 756 tumido
637 691 785 777 delitigat
805 712 874 776 orc3

129 775 175 840 nt
195 776 336 861 tragicus
380 777 543 860 lerumque
564 776 651 840 dolet
665 797 810 841 sermone
830 775 970 860 pedestri
1057 786 1092 837 95

129 859 290 944 Telephus
312 863 345 925 et
357 799 487 943 heluus,
510 880 582 925 cum
600 882 725 958 pauper
739 864 771 925 et
787 860 876 925 exsul
896 862 1028 943 uterque
1161 900 1164 907 .

130 943 251 1011 Proicit
271 945 428 1028 ampullas
450 947 483 1009 et
503 945 735 1029 sesqmpedalia
755 944 865 1027 rerba,

130 1026 167 1093 Si
189 1031 280 1093 curat
300 1050 357 1094 cor
377 1029 549 1113 spectantis
570 1030 716 1115 tetigisse
740 1029 888 1113 querella.

131 1111 208 1177 Non
222 1112 301 1177 satis
315 1117 365 1178 est
384 1113 518 1197 pulchra
540 1135 609 1178 esse
630 1116 790 1198 poemata3
813 1112 918 1178 dulcia
933 1114 1028 1177 sunto

130 1196 184 1280 nt,
207 1218 405 1281 quocumque
425 1198 544 1281 volent,
566 1198 708 1262 animum
723 1197 875 1262 auditoris
897 1201 1027 1282 agunto.
1044 1207 1094 1258 100

131 1279 178 1345 Vt
198 1280 376 1346 ridentibus
398 1281 554 1364 arrident,
576 1282 623 1345 ita
642 1281 791 1346 flentibus
813 1280 933 1345 adflent

130 1364 274 1430 Humani
295 1366 416 1430 voltus:
439 1366 467 1430 si
488 1367 536 1430 vis
558 1388 609 1431 me
630 1366 723 1448 flere,
746 1364 947 1430 dolendumst

131 1449 274 1514 Primum
288 1450 351 1533 ipsi
370 1450 447 1514 tibi:
468 1453 537 1514 tum
551 1453 607 1515 tua
620 1454 671 1515 me'
692 1449 868 1514 infortunia
889 1448 1028 1531 laedent,

130 1532 273 1618 Telephe
294 1534 344 1598 vel
365 1531 476 1618 Peleu3
499 1534 633 1599 malasi
654 1533 806 1599 mandata
826 1534 980 1617 loqueris,

131 1619 200 1682 Aut
220 1617 398 1683 dormitabo
420 1622 476 1682 aut
495 1619 616 1684 ridebo.
659 1617 777 1683 'lhistia
796 1620 952 1682 maestum
1045 1628 1096 1678 105

132 1701 266 1767 Voltum
287 1702 385 1767 verba
405 1700 532 1785 decent,
553 1703 670 1767 iratum
690 1703 786 1787 plena
806 1702 979 1784 minarum,

132 1785 308 1850 Ludentcm
329 1787 461 1869 lasciva,
484 1806 627 1852 severum
648 1787 732 1852 seria
751 1786 849 1852 dictu.

132 1869 265 1935 Format
286 1871 371 1935 enim
392 1875 507 1935 natura
527 1873 615 1957 prius
637 1893 697 1936 nos
718 1872 805 1936 intus
827 1871 868 1936 ad
889 1892 1017 1935 omnem

132 1954 346 2020 Fortunarum
366 1954 526 2038 habitum,
549 1958 638 2020 iuvat
652 1959 708 2020 aut
728 1956 762 2020 in
786 1955 854 2020 ellit
872 1955 914 2020 ad
934 1956 1030 2038 iram,

132 2040 201 2104 Aut
221 2039 261 2103 ad
281 2038 413 2104 humum
434 2060 576 2104 maerore
596 2041 687 2125 gravi
708 2039 728 2103 d
769 2040 835 2104 ucit
856 2042 890 2103 et
909 2041 1015 2124 angit3
1045 2051 1098 2101 110

133 2122 212 2189 Post
234 2123 324 2188 effert
345 2125 443 2188 animi
463 2127 570 2189 motus
591 2124 764 2207 interprete
785 2123 906 2208 lingua.

133 2206 170 2273 si
191 2207 325 2272 dicentis
348 2212 441 2272 erunt
461 2207 599 2273 fortunis
620 2208 742 2272 absona
763 2206 863 2289 dieta,

133 2290 271 2356 Romani
290 2293 406 2357 tollent
427 2294 548 2377 equites
568 2292 753 2377 peditesque
775 2291 974 2356 cachinnum.

132 2374 284 2440 Intererit
303 2378 453 2460 multum,
475 2377 607 2441 divusne
628 2377 776 2459 loquatur
797 2396 840 2439 an
860 2373 970 2459 heros,

134 2458 319 2539 Metui-usne
341 2483 438 2526 senex
459 2483 500 2525 au
521 2460 625 2526 adhuc
645 2458 778 2525 florente
799 2459 929 2525 iuventa
1045 2471 1096 2522 115

133 2543 301 2628 FerviduS‚
323 2549 356 2610 et
377 2548 525 2610 matrona
545 2549 660 2629 potens
681 2565 724 2609 au
745 2543 854 2610 sedulle
873 2544 995 2627 nutrix,
1076 2599 1079 2605 .

134 2627 335 2694 Mercatorue
356 2652 457 2716 vagus
479 2630 623 2694 cultorne
643 2630 776 2694 virentis
797 2628 908 2714 agelli,

132 2711 273 2778 Colchus
296 2735 338 2778 au
359 2715 524 2798 Assyrius,
546 2713 664 2778 Thebis
685 2714 824 2778 nutritus
846 2734 889 2776 au
909 2713 1017 2797 Argis.

133 2797 202 2860 Aut
221 2797 341 2863 famam
363 2818 493 2882 sequere
515 2801 570 2862 aut
592 2797 653 2863 sibi
675 2796 896 2863 convenientia
917 2796 1012 2880 finge.

132 2879 279 2965 Scriptor
299 2881 524 2948 Homeriaeum
546 2884 573 2947 si
593 2883 677 2947 forte
696 2881 825 2966 reponis
846 2878 1022 2945 Achillem:
1046 2890 1098 2941 110

133 2964 279 3051 Inpiger,
301 2967 486 3049 iracundus,
508 2966 727 3050 inexorabilis,
750 2985 824 3030 acer

132 3047 209 3114 Iura
229 3070 270 3114 nc
294 3055 327 3114 et
347 3051 409 3115 sibi
430 3055 520 3133 nata,
541 3050 623 3114 nihil
644 3071 711 3114 nou
732 3071 804 3114 arro
846 3053 862 3114 t
882 3049 989 3114 armis.

132 3132 184 3199 Sit
204 3133 258 3199 Me
281 3156 320 3198 ea
338 3136 428 3200 ferox
449 3135 643 3218 invictaque,
665 3134 780 3199 flebilis
842 3155 877 3217 o,

132 3216 277 3285 Perfidus
298 3216 405 3302 Ixion,
426 3217 464 3284 Io
486 3240 582 3304 vagu,
602 3219 704 3283 tristis
726 3217 864 3283 Orestes.

133 3300 245 3387 Siquid
266 3303 467 3387 inexpertum
489 3323 622 3368 scaenae
643 3302 806 3368 conmittis
829 3304 861 3365 et
882 3299 979 3365 audes
1047 3311 1097 3362 125

133 3385 309 3452 Personam
329 3388 467 3452 formare
488 3406 619 3452 novam:
642 3390 785 3452 serretur
806 3385 846 3450 ad
867 3385 983 3467 imum,

133 3470 244 3548 Qualis
266 3472 306 3537 ab
328 3473 456 3557 incepto
478 3470 683 3557 processerit,
705 3474 738 3536 et
759 3470 821 3535 sibi
842 3472 976 3535 constet.
1037 3506 1040 3509 -
