2570 4022
497 228 711 286 PRAEFATIO.
968 231 1085 286 xxxix

118 388 273 471 perminxi
305 389 490 469 inposuique
515 387 694 468 pudendam
720 386 849 467 pellibu’
871 388 998 461 labem’‚
1034 390 1088 450 ubi

118 476 213 554 vulgo
229 476 238 504 ‘
246 491 305 553 per
316 473 392 534 mihi
405 473 520 534 lectum
529 476 548 545 ’‚
572 492 644 533 mox
664 472 795 552 ‘pedem
809 472 942 552 pellibus
956 472 1086 535 labem’.

118 558 266 620 Ceterum
280 557 363 638 quod
377 556 493 618 ibidem
506 557 597 617 affert
611 556 786 637 Porphyrio
803 556 997 636 proverbium
1011 557 1087 619 ‘non

10 670 12 693 ι
118 643 273 704 contineri
287 643 370 702 intra
384 641 560 721 pelliculam
575 640 679 701 suam’
702 649 832 721 apparet
852 641 879 700 si
901 661 941 702 ex
961 640 1088 722 obliqua

10 716 12 793 l
117 729 262 788 oratione
287 726 493 786 transferatur
527 727 560 785 in
590 724 737 785 directam
763 725 888 804 explere
918 726 1087 787 trimetrum

10 814 11 819 ’
118 811 284 872 iambicum
312 811 419 871 comici
446 810 550 871 nescio
577 810 664 869 cuius
694 810 775 869 ‘nan
804 809 980 870 continetur
1006 811 1088 869 intra

117 895 299 977 pelliculam
311 894 425 969 suam’,
441 895 507 954 sive
521 895 620 972 magis
634 893 736 972 placet
750 893 826 953 ‘non
842 894 980 954 continet
995 896 1086 956 sese’.

182 979 232 1042 Ib.
255 979 308 1038 45.
329 980 371 1040 46
404 981 518 1038 eadam
541 1009 578 1022 -
602 981 778 1038 demeterent
803 980 888 1053 ferro
915 976 1086 1051 Bentleius,

118 1064 328 1137 Ricciacum,
358 1062 545 1124 ‘demeteret
566 1061 666 1123 ferro'
689 1062 761 1125 cdd.
782 1062 936 1141 plerique,
968 1060 1087 1123 ‘deme-

117 1157 201 1210 teret
219 1148 351 1209 ferrum’
366 1148 474 1227 vulgo,
498 1147 600 1207 minna
613 1146 709 1220 bone,
733 1155 767 1207 ut
786 1147 841 1208 iile
856 1146 1087 1209 demonstravit.

182 1232 233 1295 Ib.
255 1232 297 1292 64
316 1248 424 1309 ponera
446 1229 635 1305 Meinelrius‚
658 1248 750 1306 ρεπεν
769 1252 800 1291 v.

184 1337 213 1390 1,
236 1318 274 1389 3,
299 1316 339 1376 63
364 1335 438 1376 rere
459 1324 590 1396 utputo
612 1314 832 1376 Praedicovius
854 1323 888 1378 et
907 1314 1086 1390 Horkelius,

119 1402 175 1481 qui
198 1402 378 1480 plerumque
399 1401 501 1460 minus
522 1399 655 1460 feliciter
676 1401 710 1459 in
731 1399 854 1460 Horatii
875 1399 962 1460 libris
986 1420 1088 1461 emen·

122 1486 235 1546 dandis
262 1493 335 1545 sunt
360 1486 474 1547 verenti
506 1484 680 1544 ‘licenter'.
722 1483 804 1544 Nam
829 1483 863 1544 id
884 1483 968 1563 quod
994 1485 1088 1564 vulgo

120 1572 221 1632 fertur
241 1567 409 1630 ‘libenter'
431 1588 507 1629 sane
528 1587 620 1630 sensu
642 1577 735 1629 caret.

184 1653 232 1715 Ib.
249 1655 311 1713 132
334 1655 447 1713 Tonsor
465 1661 532 1712 erat
553 1673 592 1714 ex
605 1652 719 1714 Bland.
740 1653 894 1712 vetustiss.
916 1651 1087 1727 Bentleius,

119 1737 313 1810 Meinelrius,
337 1737 405 1811 alii,
428 1737 540 1817 quibus
560 1739 671 1798 merito
694 1756 798 1796 sumus
819 1736 967 1798 obsecuti.

184 1821 233 1883 lb.
258 1823 318 1882 138
338 1840 386 1901 sq.
413 1826 522 1881 veliunt
543 1825 592 1882 trba
613 1824 859 1882 norhamtescira·
874 1827 972 1896 paeri.
1016 1821 1088 1881 Imi-

120 1915 206 1967 tatus
227 1914 274 1968 est
294 1902 418 1968 Persius
440 1924 467 1979 1,
494 1907 554 1966 133
583 1903 628 1965 ‘si
656 1907 765 1987 cynico
793 1904 919 1965 barbam
945 1906 1088 1985 petulans

121 1993 256 2051 nonaria
268 1989 364 2051 vellat
370 1989 392 2064 ',
408 1990 462 2051 ubi
476 1989 600 2050 Horatii
612 1990 715 2050 locum
729 1989 818 2051 affert
832 1989 971 2050 Iahnius.
1000 1988 1088 2050 Haec

122 2085 227 2136 autem
253 2074 349 2136 verba
370 2094 437 2135 cnm
459 2083 566 2154 aperte
594 2074 635 2135 ad
658 2076 814 2153 exemplar
833 2073 939 2134 Flacci
967 2075 1088 2134 confor-

122 2160 215 2220 marit
234 2158 359 2220 Persius
386 2159 462 2219 miro
484 2159 619 2238 quodam
640 2178 742 2219 errore
770 2161 814 2218 ita
834 2166 1014 2237 prosecutus
1043 2166 1091 2218 est

120 2244 289 2304 scholiasta
315 2240 418 2323 ‘quod
439 2242 480 2304 de
500 2244 644 2323 Diogene
667 2241 785 2322 Cynico
806 2241 990 2321 philosopho
1015 2241 1088 2300 dici·

121 2337 173 2388 tur
201 2337 233 2389 et
253 2327 353 2389 Laide
379 2329 555 2389 meretrioe’
587 2324 711 2404 (omissa
737 2345 817 2405 qnae
844 2326 909 2385 fere
931 2323 1090 2384 adduntur

123 2411 196 2473 ‘vel
223 2411 365 2472 Thaide'
392 2413 426 2472 in
453 2411 533 2472 libro
560 2411 741 2473 Monacensi
768 2406 889 2489 [14482
911 2429 992 2470 saec.
1007 2405 1087 2488 κῇ).

123 2498 247 2558 Dicitur
267 2496 392 2576 quidem
413 2496 509 2558 fuisse
523 2497 661 2575 Diogeni
681 2496 786 2575 aliqua
807 2514 876 2555 curn
896 2493 995 2555 Laide
1018 2513 1088 2554 con-

121 2581 256 2641 suetudo
285 2576 344 2660 [de
366 2599 428 2660 qua
447 2599 483 2642 re
511 2582 551 2642 of.
573 2580 616 2643 M.
638 2579 760 2641 Hertaii
787 2588 993 2641 ramentorum
1016 2577 1088 2639 Gel-

123 2667 277 2726 lianorum
297 2666 447 2726 mantissa
467 2662 608 2745 pg.16],
641 2665 697 2726 sed
718 2664 797 2725 nihil
824 2664 857 2725 id
884 2663 925 2724 ad
952 2671 1090 2723 nostrum

123 2750 225 2810 locum
247 2749 300 2829 qui
321 2757 404 2810 totus
425 2749 544 2828 pendet
564 2749 603 2810 ab
631 2750 804 2810 imitatione
824 2747 940 2809 Flacci.
985 2745 1089 2824 Quare

124 2835 201 2895 haec
222 2833 367 2913 equidem
388 2842 462 2894 sunt
481 2853 564 2894 vana
586 2842 617 2895 et
630 2835 770 2914 proiecta
791 2853 810 2892 a
830 2832 988 2893 notissima
1010 2850 1089 2891 com·

122 2925 331 2980 mentatorum
356 2916 489 2979 libidine
516 2936 565 2978 res
586 2918 774 2999 generaliter
801 2917 970 2998 descriptas
1000 2917 1090 2976 certis

123 3002 303 3064 illustrandi
330 3003 487 3082 exemplis.
530 3001 575 3062 At
600 3003 678 3063 iilud
699 3004 823 3077 mirum,
851 3001 935 3081 quod
962 3007 1092 3080 apparet

121 3087 264 3147 scholion
290 3087 351 3148 hoc
377 3107 553 3165 expressum
580 3107 599 3146 a
619 3087 754 3147 Luxurio
781 3086 835 3166 qui
857 3086 936 3146 vixit
955 3085 1090 3145 Thrasa-

124 3171 234 3232 mundi
255 3172 338 3251 regis
359 3171 547 3251 temporibus
570 3173 789 3253 epigrammate
810 3171 866 3231 illo
889 3171 929 3232 de
951 3189 1012 3249 quo
1034 3188 1090 3227 nu-

124 3275 182 3334 per
196 3255 262 3317 dixi
274 3257 309 3316 in
325 3255 474 3316 analectis
487 3253 618 3335 [xxxxrn
636 3276 710 3316 ann.
721 3255 798 3335 phil.
810 3255 928 3315 alssdi
941 3273 993 3332 pg.
1002 3248 1090 3329 785}

123 3340 246 3421 Nempe
273 3339 372 3400 solum
393 3339 453 3401 hoc
478 3349 576 3414 extat,
611 3342 815 3420 inquantum
841 3337 917 3397 mihi
944 3337 1088 3407 innotuit,

124 3423 300 3503 exemplum
332 3423 489 3486 adhibitae
523 3444 579 3505 per
611 3426 827 3505 antiquitatem
859 3422 1090 3480 commentario-

123 3527 194 3571 rum
214 3510 248 3569 in
262 3508 403 3570 Persium
424 3528 503 3590 quae
517 3508 615 3570 fertur
636 3528 720 3570 nunc
735 3505 910 3585 farraginis.
947 3502 1093 3566 Ceterum
