<?xml version="1.0" encoding="UTF-8"?>
<!DOCTYPE html PUBLIC "-//W3C//DTD XHTML 1.0 Transitional//EN"
    "http://www.w3.org/TR/xhtml1/DTD/xhtml1-transitional.dtd">
<html xmlns="http://www.w3.org/1999/xhtml" xml:lang="en" lang="en">
 <head>
  <title>
</title>
<meta http-equiv="Content-Type" content="text/html;charset=utf-8" />
  <meta name='ocr-system' content='tesseract 3.04.00' />
  <meta name='ocr-capabilities' content='ocr_page ocr_carea ocr_par ocr_line ocrx_word'/>
</head>
<body>
  <div class='ocr_page' id='page_1' title='image "./qhoratiiflacica00mlgoog_0034.png"; bbox 0 0 2570 4022; ppageno 0'>
   <div class='ocr_carea' id='block_1_1' title="bbox 491 200 1080 259">
    <p class='ocr_par' dir='ltr' id='par_1_1' title="bbox 491 200 1080 259">
     <span class='ocr_line' id='line_1_1' title="bbox 491 200 1080 259; baseline 0.002 -3"><span class='ocrx_word' id='word_1_1' title='bbox 491 200 705 259; x_wconf 76' lang='lat' dir='ltr'><strong>PRAEFATIO.</strong></span> <span class='ocrx_word' id='word_1_2' title='bbox 985 201 1080 257; x_wconf 86' lang='lat' dir='ltr'>XXIX</span> 
     </span>
    </p>
   </div>
   <div class='ocr_carea' id='block_1_2' title="bbox 111 361 1098 780">
    <p class='ocr_par' dir='ltr' id='par_1_2' title="bbox 111 361 1081 524">
     <span class='ocr_line' id='line_1_2' title="bbox 111 361 1081 439; baseline 0.004 -19"><span class='ocrx_word' id='word_1_3' title='bbox 111 361 231 420; x_wconf 87' lang='lat' dir='ltr'><strong>iectura</strong></span> <span class='ocrx_word' id='word_1_4' title='bbox 251 368 360 422; x_wconf 87' lang='lat' dir='ltr'><strong>nostra</strong></span> <span class='ocrx_word' id='word_1_5' title='bbox 384 390 419 404; x_wconf 93' lang='lat'><em>-</em></span> <span class='ocrx_word' id='word_1_6' title='bbox 444 362 593 423; x_wconf 80' lang='lat' dir='ltr'><strong>‘maiores</strong></span> <span class='ocrx_word' id='word_1_7' title='bbox 607 361 704 422; x_wconf 89' lang='lat' dir='ltr'><strong>nostri</strong></span> <span class='ocrx_word' id='word_1_8' title='bbox 719 365 839 439; x_wconf 77' lang='lat' dir='ltr'><strong>cirptoir</strong></span> <span class='ocrx_word' id='word_1_9' title='bbox 852 363 979 423; x_wconf 79' lang='lat' dir='ltr'><strong><em>acerbae</em></strong></span> <span class='ocrx_word' id='word_1_10' title='bbox 998 363 1081 424; x_wconf 86' lang='lat' dir='ltr'><strong>auria</strong></span> 
     </span>
     <span class='ocr_line' id='line_1_3' title="bbox 112 442 1080 524; baseline 0.002 -18"><span class='ocrx_word' id='word_1_11' title='bbox 112 445 258 506; x_wconf 87' lang='lat' dir='ltr'><strong>Veneriis</strong></span> <span class='ocrx_word' id='word_1_12' title='bbox 282 442 389 524; x_wconf 80' lang='lat' dir='ltr'><strong>(vulgo</strong></span> <span class='ocrx_word' id='word_1_13' title='bbox 410 444 553 524; x_wconf 88' lang='lat' dir='ltr'><strong>Veneris)</strong></span> <span class='ocrx_word' id='word_1_14' title='bbox 584 444 743 507; x_wconf 84' lang='lat' dir='ltr'><strong>vocabulis</strong></span> <span class='ocrx_word' id='word_1_15' title='bbox 769 445 865 506; x_wconf 91' lang='lat' dir='ltr'><strong>imbui</strong></span> <span class='ocrx_word' id='word_1_16' title='bbox 885 447 1080 509; x_wconf 85' lang='lat' dir='ltr'><strong>noluerunt&#39;.</strong></span> 
     </span>
    </p>

    <p class='ocr_par' dir='ltr' id='par_1_3' title="bbox 112 528 1098 780">
     <span class='ocr_line' id='line_1_4' title="bbox 175 528 1079 610; baseline 0.004 -23"><span class='ocrx_word' id='word_1_17' title='bbox 175 528 224 590; x_wconf 85' lang='lat' dir='ltr'><strong>lb.</strong></span> <span class='ocrx_word' id='word_1_18' title='bbox 249 530 300 590; x_wconf 79' lang='lat'><strong>25.</strong></span> <span class='ocrx_word' id='word_1_19' title='bbox 345 528 429 591; x_wconf 76' lang='lat' dir='ltr'><strong>Ocra</strong></span> <span class='ocrx_word' id='word_1_20' title='bbox 456 529 564 591; x_wconf 87' lang='lat' dir='ltr'><strong>credas</strong></span> <span class='ocrx_word' id='word_1_21' title='bbox 591 529 645 590; x_wconf 93' lang='lat' dir='ltr'><strong>illo</strong></span> <span class='ocrx_word' id='word_1_22' title='bbox 667 529 751 609; x_wconf 90' lang='lat' dir='ltr'><strong>quod</strong></span> <span class='ocrx_word' id='word_1_23' title='bbox 777 538 825 590; x_wconf 88' lang='lat' dir='ltr'><strong>est</strong></span> <span class='ocrx_word' id='word_1_24' title='bbox 852 532 956 593; x_wconf 78' lang='lat' dir='ltr'><strong>‘mox’</strong></span> <span class='ocrx_word' id='word_1_25' title='bbox 984 532 1079 610; x_wconf 85' lang='lat' dir='ltr'><strong>signi·</strong></span> 
     </span>
     <span class='ocr_line' id='line_1_5' title="bbox 112 612 1079 695; baseline 0.003 -22"><span class='ocrx_word' id='word_1_26' title='bbox 112 613 197 673; x_wconf 84' lang='lat' dir='ltr'><strong>ficari</strong></span> <span class='ocrx_word' id='word_1_27' title='bbox 224 612 380 675; x_wconf 85' lang='lat' dir='ltr'><strong>adulteria</strong></span> <span class='ocrx_word' id='word_1_28' title='bbox 399 615 504 677; x_wconf 89' lang='lat' dir='ltr'><strong>statim</strong></span> <span class='ocrx_word' id='word_1_29' title='bbox 524 623 595 695; x_wconf 90' lang='lat' dir='ltr'><strong>post</strong></span> <span class='ocrx_word' id='word_1_30' title='bbox 621 615 733 677; x_wconf 87' lang='lat' dir='ltr'><strong>initum</strong></span> <span class='ocrx_word' id='word_1_31' title='bbox 753 615 980 676; x_wconf 75' lang='lat' dir='ltr'><strong>matrimonium</strong></span> <span class='ocrx_word' id='word_1_32' title='bbox 1001 635 1079 676; x_wconf 90' lang='lat' dir='ltr'><strong>com·</strong></span> 
     </span>
     <span class='ocr_line' id='line_1_6' title="bbox 112 697 1098 780; baseline -0.002 -21"><span class='ocrx_word' id='word_1_33' title='bbox 112 699 217 759; x_wconf 84' lang='lat' dir='ltr'><strong>missa.</strong></span> <span class='ocrx_word' id='word_1_34' title='bbox 251 699 293 758; x_wconf 93' lang='lat' dir='ltr'><strong>Id</strong></span> <span class='ocrx_word' id='word_1_35' title='bbox 306 701 389 760; x_wconf 87' lang='lat' dir='ltr'><strong>anim</strong></span> <span class='ocrx_word' id='word_1_36' title='bbox 403 701 429 759; x_wconf 86' lang='lat' dir='ltr'><strong>si</strong></span> <span class='ocrx_word' id='word_1_37' title='bbox 444 700 604 770; x_wconf 86' lang='lat' dir='ltr'><strong>statueris,</strong></span> <span class='ocrx_word' id='word_1_38' title='bbox 630 718 690 777; x_wconf 67' lang='lat' dir='ltr'><strong>pua</strong></span> <span class='ocrx_word' id='word_1_39' title='bbox 712 716 804 759; x_wconf 79' lang='lat' dir='ltr'><strong>causo</strong></span> <span class='ocrx_word' id='word_1_40' title='bbox 818 697 973 759; x_wconf 79' lang='lat' dir='ltr'><strong>addiderit</strong></span> <span class='ocrx_word' id='word_1_41' title='bbox 987 708 1098 780; x_wconf 82' lang='lat' dir='ltr'><strong>pocta.</strong></span> 
     </span>
    </p>
   </div>
   <div class='ocr_carea' id='block_1_3' title="bbox 10 780 1078 947">
    <p class='ocr_par' dir='ltr' id='par_1_4' title="bbox 10 780 1078 947">
     <span class='ocr_line' id='line_1_7' title="bbox 12 780 1078 862; baseline 0.002 -21"><span class='ocrx_word' id='word_1_42' title='bbox 12 812 13 815; x_wconf 36' lang='lat'>¹</span> <span class='ocrx_word' id='word_1_43' title='bbox 113 783 287 842; x_wconf 81' lang='lat' dir='ltr'><strong>‘iuniores’</strong></span> <span class='ocrx_word' id='word_1_44' title='bbox 315 801 381 841; x_wconf 88' lang='lat' dir='ltr'><strong>uon</strong></span> <span class='ocrx_word' id='word_1_45' title='bbox 407 789 546 862; x_wconf 84' lang='lat' dir='ltr'><strong>apparet.</strong></span> <span class='ocrx_word' id='word_1_46' title='bbox 590 780 653 843; x_wconf 82' lang='lat' dir='ltr'><strong>Sed</strong></span> <span class='ocrx_word' id='word_1_47' title='bbox 680 781 741 843; x_wconf 90' lang='lat' dir='ltr'><strong>hoo</strong></span> <span class='ocrx_word' id='word_1_48' title='bbox 767 780 826 842; x_wconf 91' lang='lat' dir='ltr'><strong>sibi</strong></span> <span class='ocrx_word' id='word_1_49' title='bbox 848 782 924 855; x_wconf 83' lang='lat' dir='ltr'><strong>rolt,</strong></span> <span class='ocrx_word' id='word_1_50' title='bbox 954 784 1078 862; x_wconf 88' lang='lat' dir='ltr'><strong>quando</strong></span> 
     </span>
     <span class='ocr_line' id='line_1_8' title="bbox 10 862 1077 947; baseline 0.001 -21"><span class='ocrx_word' id='word_1_51' title='bbox 10 862 11 867; x_wconf 67' lang='grc'>’</span> <span class='ocrx_word' id='word_1_52' title='bbox 112 867 241 929; x_wconf 86' lang='lat' dir='ltr'><strong>maritus</strong></span> <span class='ocrx_word' id='word_1_53' title='bbox 262 885 423 927; x_wconf 88' lang='lat' dir='ltr'><strong>senescere</strong></span> <span class='ocrx_word' id='word_1_54' title='bbox 445 867 588 947; x_wconf 76' lang='lat' dir='ltr'><strong>incipiat,</strong></span> <span class='ocrx_word' id='word_1_55' title='bbox 611 865 771 927; x_wconf 86' lang='lat' dir='ltr'><strong>mulierem</strong></span> <span class='ocrx_word' id='word_1_56' title='bbox 791 863 889 926; x_wconf 88' lang='lat' dir='ltr'><strong>habili</strong></span> <span class='ocrx_word' id='word_1_57' title='bbox 910 865 1011 927; x_wconf 91' lang='lat' dir='ltr'><strong>adhuc</strong></span> <span class='ocrx_word' id='word_1_58' title='bbox 1033 868 1077 927; x_wconf 92' lang='lat' dir='ltr'><strong>iu·</strong></span> 
     </span>
    </p>
   </div>
   <div class='ocr_carea' id='block_1_4' title="bbox 110 951 1078 1199">
    <p class='ocr_par' dir='ltr' id='par_1_5' title="bbox 110 951 1078 1199">
     <span class='ocr_line' id='line_1_9' title="bbox 111 951 1078 1030; baseline 0.001 -20"><span class='ocrx_word' id='word_1_59' title='bbox 111 958 208 1011; x_wconf 83' lang='lat' dir='ltr'><strong>venta</strong></span> <span class='ocrx_word' id='word_1_60' title='bbox 235 957 268 1011; x_wconf 90' lang='lat' dir='ltr'><strong>ot</strong></span> <span class='ocrx_word' id='word_1_61' title='bbox 298 951 495 1029; x_wconf 87' lang='lat' dir='ltr'><strong>permittente</strong></span> <span class='ocrx_word' id='word_1_62' title='bbox 523 951 647 1030; x_wconf 90' lang='lat' dir='ltr'><strong>quidem</strong></span> <span class='ocrx_word' id='word_1_63' title='bbox 674 951 741 1011; x_wconf 82' lang='lat' dir='ltr'><strong>viro</strong></span> <span class='ocrx_word' id='word_1_64' title='bbox 767 958 929 1030; x_wconf 87' lang='lat' dir='ltr'><strong>quaestum</strong></span> <span class='ocrx_word' id='word_1_65' title='bbox 950 970 1078 1030; x_wconf 89' lang='lat' dir='ltr'><strong>corpore</strong></span> 
     </span>
     <span class='ocr_line' id='line_1_10' title="bbox 111 1033 1076 1115; baseline 0.001 -21"><span class='ocrx_word' id='word_1_66' title='bbox 111 1035 218 1096; x_wconf 81' lang='lat' dir='ltr'><strong>facere</strong></span> <span class='ocrx_word' id='word_1_67' title='bbox 237 1034 329 1096; x_wconf 89' lang='lat' dir='ltr'><strong>simul</strong></span> <span class='ocrx_word' id='word_1_68' title='bbox 348 1035 511 1096; x_wconf 84' lang='lat' dir='ltr'><strong>libidinem</strong></span> <span class='ocrx_word' id='word_1_69' title='bbox 532 1043 564 1095; x_wconf 89' lang='lat' dir='ltr'><strong>et</strong></span> <span class='ocrx_word' id='word_1_70' title='bbox 584 1035 746 1095; x_wconf 85' lang='lat' dir='ltr'><strong>avaritiam</strong></span> <span class='ocrx_word' id='word_1_71' title='bbox 766 1033 968 1115; x_wconf 82' lang='lat' dir='ltr'><strong>expleturum.</strong></span> <span class='ocrx_word' id='word_1_72' title='bbox 997 1033 1076 1095; x_wconf 84' lang='lat' dir='ltr'><strong>Con-</strong></span> 
     </span>
     <span class='ocr_line' id='line_1_11' title="bbox 110 1116 1077 1199; baseline -0.001 -18"><span class='ocrx_word' id='word_1_73' title='bbox 110 1128 174 1181; x_wconf 85' lang='lat' dir='ltr'><strong>stat</strong></span> <span class='ocrx_word' id='word_1_74' title='bbox 200 1127 305 1180; x_wconf 82' lang='lat' dir='ltr'><strong>autem</strong></span> <span class='ocrx_word' id='word_1_75' title='bbox 333 1118 513 1181; x_wconf 84' lang='lat' dir='ltr'><strong>adverbium</strong></span> <span class='ocrx_word' id='word_1_76' title='bbox 539 1116 643 1179; x_wconf 76' lang='lat' dir='ltr'><strong>‘mox&#39;</strong></span> <span class='ocrx_word' id='word_1_77' title='bbox 669 1117 754 1178; x_wconf 87' lang='lat' dir='ltr'><strong>haud</strong></span> <span class='ocrx_word' id='word_1_78' title='bbox 775 1138 844 1180; x_wconf 77' lang='lat' dir='ltr'><strong>raro</strong></span> <span class='ocrx_word' id='word_1_79' title='bbox 872 1118 911 1180; x_wconf 92' lang='lat' dir='ltr'><strong>de</strong></span> <span class='ocrx_word' id='word_1_80' title='bbox 937 1118 1077 1199; x_wconf 81' lang='lat' dir='ltr'><strong>longiore</strong></span> 
     </span>
    </p>
   </div>
   <div class='ocr_carea' id='block_1_5' title="bbox 10 1200 1077 1368">
    <p class='ocr_par' dir='ltr' id='par_1_6' title="bbox 10 1200 1077 1368">
     <span class='ocr_line' id='line_1_12' title="bbox 10 1200 1077 1283; baseline -0.003 -16"><span class='ocrx_word' id='word_1_81' title='bbox 10 1200 12 1267; x_wconf 53' lang='grc' dir='ltr'><strong>ᾗ</strong></span> <span class='ocrx_word' id='word_1_82' title='bbox 110 1205 260 1283; x_wconf 86' lang='lat' dir='ltr'><strong>temporis</strong></span> <span class='ocrx_word' id='word_1_83' title='bbox 281 1205 380 1283; x_wconf 83' lang='lat' dir='ltr'><strong>spatio</strong></span> <span class='ocrx_word' id='word_1_84' title='bbox 402 1203 563 1264; x_wconf 86' lang='lat' dir='ltr'><strong>interiecto</strong></span> <span class='ocrx_word' id='word_1_85' title='bbox 585 1201 737 1263; x_wconf 78' lang='lat' dir='ltr'><strong>adhiberi.</strong></span> <span class='ocrx_word' id='word_1_86' title='bbox 761 1234 797 1246; x_wconf 93' lang='lat'><em>-</em></span> <span class='ocrx_word' id='word_1_87' title='bbox 829 1200 973 1264; x_wconf 78' lang='lat' dir='ltr'><strong>Getarum</strong></span> <span class='ocrx_word' id='word_1_88' title='bbox 994 1204 1077 1283; x_wconf 90' lang='lat' dir='ltr'><strong>qnod</strong></span> 
     </span>
     <span class='ocr_line' id='line_1_13' title="bbox 10 1285 1075 1368; baseline 0 -20"><span class='ocrx_word' id='word_1_89' title='bbox 10 1296 12 1311; x_wconf 62' lang='lat'>³</span> <span class='ocrx_word' id='word_1_90' title='bbox 109 1288 226 1367; x_wconf 87' lang='lat' dir='ltr'><strong>legitur</strong></span> <span class='ocrx_word' id='word_1_91' title='bbox 239 1289 282 1348; x_wconf 81' lang='lat'><strong>30</strong></span> <span class='ocrx_word' id='word_1_92' title='bbox 302 1287 380 1349; x_wconf 92' lang='lat' dir='ltr'><strong>illud</strong></span> <span class='ocrx_word' id='word_1_93' title='bbox 401 1288 524 1363; x_wconf 87' lang='lat' dir='ltr'><strong>marito,</strong></span> <span class='ocrx_word' id='word_1_94' title='bbox 546 1307 615 1348; x_wconf 89' lang='lat' dir='ltr'><strong>cum</strong></span> <span class='ocrx_word' id='word_1_95' title='bbox 635 1285 836 1368; x_wconf 85' lang='lat' dir='ltr'><strong>praecesserit</strong></span> <span class='ocrx_word' id='word_1_96' title='bbox 856 1308 886 1350; x_wconf 85' lang='lat' dir='ltr'><strong>v.</strong></span> <span class='ocrx_word' id='word_1_97' title='bbox 903 1288 943 1347; x_wconf 79' lang='lat'><strong>26</strong></span> <span class='ocrx_word' id='word_1_98' title='bbox 965 1289 1075 1361; x_wconf 85' lang='lat' dir='ltr'><strong>mariti,</strong></span> 
     </span>
    </p>
   </div>
   <div class='ocr_carea' id='block_1_6' title="bbox 98 1371 1119 3563">
    <p class='ocr_par' dir='ltr' id='par_1_7' title="bbox 109 1371 1078 1602">
     <span class='ocr_line' id='line_1_14' title="bbox 111 1371 1078 1451; baseline 0.002 -20"><span class='ocrx_word' id='word_1_99' title='bbox 111 1372 275 1433; x_wconf 83' lang='lat' dir='ltr'><strong>fatendum</strong></span> <span class='ocrx_word' id='word_1_100' title='bbox 294 1371 458 1434; x_wconf 80' lang='lat' dir='ltr'><strong>Horatium</strong></span> <span class='ocrx_word' id='word_1_101' title='bbox 478 1379 512 1433; x_wconf 90' lang='lat' dir='ltr'><strong>ut</strong></span> <span class='ocrx_word' id='word_1_102' title='bbox 533 1371 698 1451; x_wconf 85' lang='lat' dir='ltr'><strong>plerosque</strong></span> <span class='ocrx_word' id='word_1_103' title='bbox 718 1378 878 1451; x_wconf 87' lang='lat' dir='ltr'><strong>poetarum</strong></span> <span class='ocrx_word' id='word_1_104' title='bbox 898 1379 1037 1433; x_wconf 87' lang='lat' dir='ltr'><strong>veterum</strong></span> <span class='ocrx_word' id='word_1_105' title='bbox 1058 1394 1078 1433; x_wconf 87' lang='lat' dir='ltr'><strong>a</strong></span> 
     </span>
     <span class='ocr_line' id='line_1_15' title="bbox 109 1454 1076 1535; baseline 0.001 -19"><span class='ocrx_word' id='word_1_106' title='bbox 109 1455 291 1535; x_wconf 79' lang='lat' dir='ltr'><strong>repetendis</strong></span> <span class='ocrx_word' id='word_1_107' title='bbox 305 1455 461 1518; x_wconf 76' lang='lat' dir='ltr'><strong>breviculo</strong></span> <span class='ocrx_word' id='word_1_108' title='bbox 483 1456 647 1517; x_wconf 80' lang='lat' dir='ltr'><strong>intervallo</strong></span> <span class='ocrx_word' id='word_1_109' title='bbox 663 1454 818 1517; x_wconf 87' lang='lat' dir='ltr'><strong>vocabulis</strong></span> <span class='ocrx_word' id='word_1_110' title='bbox 833 1475 897 1515; x_wconf 91' lang='lat' dir='ltr'><strong>non</strong></span> <span class='ocrx_word' id='word_1_111' title='bbox 919 1458 964 1516; x_wconf 84' lang='lat' dir='ltr'><strong>ita</strong></span> <span class='ocrx_word' id='word_1_112' title='bbox 984 1458 1076 1517; x_wconf 84' lang='lat' dir='ltr'><strong>anxie</strong></span> 
     </span>
     <span class='ocr_line' id='line_1_16' title="bbox 109 1539 307 1602; baseline -0.005 0"><span class='ocrx_word' id='word_1_113' title='bbox 109 1539 307 1602; x_wconf 83' lang='lat' dir='ltr'><strong>abstinuisse.</strong></span> 
     </span>
    </p>

    <p class='ocr_par' dir='ltr' id='par_1_8' title="bbox 98 1622 1119 3563">
     <span class='ocr_line' id='line_1_17' title="bbox 173 1622 1075 1700; baseline 0 -16"><span class='ocrx_word' id='word_1_114' title='bbox 173 1643 229 1700; x_wconf 84' lang='lat'>111,</span> <span class='ocrx_word' id='word_1_115' title='bbox 253 1627 287 1698; x_wconf 81' lang='lat'><strong>7,</strong></span> <span class='ocrx_word' id='word_1_116' title='bbox 312 1625 350 1685; x_wconf 79' lang='lat'><strong>15</strong></span> <span class='ocrx_word' id='word_1_117' title='bbox 379 1633 460 1685; x_wconf 85' lang='lat' dir='ltr'><strong>carto</strong></span> <span class='ocrx_word' id='word_1_118' title='bbox 482 1627 713 1700; x_wconf 72' lang='lat' dir='ltr'><strong>Bellerophonti.</strong></span> <span class='ocrx_word' id='word_1_119' title='bbox 754 1622 917 1684; x_wconf 82' lang='lat' dir='ltr'><strong>Horatium</strong></span> <span class='ocrx_word' id='word_1_120' title='bbox 937 1623 1075 1684; x_wconf 91' lang='lat' dir='ltr'><strong>Bellero·</strong></span> 
     </span>
     <span class='ocr_line' id='line_1_18' title="bbox 108 1707 1119 1790; baseline -0.002 -20"><span class='ocrx_word' id='word_1_121' title='bbox 108 1709 247 1790; x_wconf 85' lang='lat' dir='ltr'><strong>pohntae</strong></span> <span class='ocrx_word' id='word_1_122' title='bbox 268 1707 451 1770; x_wconf 84' lang='lat' dir='ltr'><strong>vocabulum</strong></span> <span class='ocrx_word' id='word_1_123' title='bbox 471 1709 562 1770; x_wconf 94' lang='lat' dir='ltr'><strong>modo</strong></span> <span class='ocrx_word' id='word_1_124' title='bbox 579 1710 696 1789; x_wconf 88' lang='lat' dir='ltr'><strong>primae</strong></span> <span class='ocrx_word' id='word_1_125' title='bbox 710 1707 801 1769; x_wconf 94' lang='lat' dir='ltr'><strong>modo</strong></span> <span class='ocrx_word' id='word_1_126' title='bbox 820 1709 930 1769; x_wconf 86' lang='lat' dir='ltr'><strong>tertiae</strong></span> <span class='ocrx_word' id='word_1_127' title='bbox 952 1717 1076 1787; x_wconf 80' lang='lat' dir='ltr'><strong>aptasse</strong></span> <span class='ocrx_word' id='word_1_128' title='bbox 1117 1726 1119 1733; x_wconf 75' lang='grc'>’</span> 
     </span>
     <span class='ocr_line' id='line_1_19' title="bbox 110 1793 1075 1873; baseline -0.003 -17"><span class='ocrx_word' id='word_1_129' title='bbox 110 1794 328 1868; x_wconf 76' lang='lat' dir='ltr'><strong>declinationi,</strong></span> <span class='ocrx_word' id='word_1_130' title='bbox 344 1793 429 1854; x_wconf 88' lang='lat' dir='ltr'><strong>haud</strong></span> <span class='ocrx_word' id='word_1_131' title='bbox 443 1793 535 1854; x_wconf 84' lang='lat' dir='ltr'><strong>facile</strong></span> <span class='ocrx_word' id='word_1_132' title='bbox 550 1812 730 1873; x_wconf 86' lang='lat' dir='ltr'><strong>permoveor</strong></span> <span class='ocrx_word' id='word_1_133' title='bbox 744 1800 779 1853; x_wconf 92' lang='lat' dir='ltr'><strong>ut</strong></span> <span class='ocrx_word' id='word_1_134' title='bbox 793 1800 935 1855; x_wconf 83' lang='lat' dir='ltr'><strong>statuam.</strong></span> <span class='ocrx_word' id='word_1_135' title='bbox 965 1793 1075 1873; x_wconf 86' lang='lat' dir='ltr'><strong>Longe</strong></span> 
     </span>
     <span class='ocr_line' id='line_1_20' title="bbox 107 1875 1073 1957; baseline -0.003 -18"><span class='ocrx_word' id='word_1_136' title='bbox 107 1881 199 1940; x_wconf 89' lang='lat' dir='ltr'><strong>aliter</strong></span> <span class='ocrx_word' id='word_1_137' title='bbox 219 1878 315 1939; x_wconf 90' lang='lat' dir='ltr'><strong>habet</strong></span> <span class='ocrx_word' id='word_1_138' title='bbox 335 1897 384 1940; x_wconf 89' lang='lat' dir='ltr'><strong>rea</strong></span> <span class='ocrx_word' id='word_1_139' title='bbox 404 1879 439 1938; x_wconf 91' lang='lat' dir='ltr'><strong>in</strong></span> <span class='ocrx_word' id='word_1_140' title='bbox 460 1877 617 1939; x_wconf 85' lang='lat' dir='ltr'><strong>vocabulis</strong></span> <span class='ocrx_word' id='word_1_141' title='bbox 639 1896 719 1957; x_wconf 88' lang='lat' dir='ltr'><strong>quae</strong></span> <span class='ocrx_word' id='word_1_142' title='bbox 739 1885 813 1938; x_wconf 88' lang='lat' dir='ltr'><strong>sunt</strong></span> <span class='ocrx_word' id='word_1_143' title='bbox 826 1875 927 1956; x_wconf 82' lang='lat' dir='ltr'><strong>Argoa</strong></span> <span class='ocrx_word' id='word_1_144' title='bbox 943 1884 974 1937; x_wconf 91' lang='lat' dir='ltr'><strong>et</strong></span> <span class='ocrx_word' id='word_1_145' title='bbox 988 1877 1073 1938; x_wconf 90' lang='lat' dir='ltr'><strong>Ilios.</strong></span> 
     </span>
     <span class='ocr_line' id='line_1_21' title="bbox 107 1955 1071 2044; baseline -0.002 -21"><span class='ocrx_word' id='word_1_146' title='bbox 107 1963 137 2023; x_wconf 83' lang='lat' dir='ltr'><strong>B</strong></span> <span class='ocrx_word' id='word_1_147' title='bbox 151 1961 265 2044; x_wconf 83' lang='lat' dir='ltr'><strong>quibua</strong></span> <span class='ocrx_word' id='word_1_148' title='bbox 279 1963 408 2024; x_wconf 86' lang='lat' dir='ltr'><strong>alterum</strong></span> <span class='ocrx_word' id='word_1_149' title='bbox 421 1962 516 2024; x_wconf 88' lang='lat' dir='ltr'><strong>semel</strong></span> <span class='ocrx_word' id='word_1_150' title='bbox 538 1958 578 2040; x_wconf 92' lang='lat' dir='ltr'><strong>[o.</strong></span> <span class='ocrx_word' id='word_1_151' title='bbox 590 1980 611 2034; x_wconf 86' lang='lat'><strong>1,</strong></span> <span class='ocrx_word' id='word_1_152' title='bbox 630 1964 657 2035; x_wconf 82' lang='lat'><strong>7,</strong></span> <span class='ocrx_word' id='word_1_153' title='bbox 675 1957 726 2041; x_wconf 87' lang='lat'><strong>9],</strong></span> <span class='ocrx_word' id='word_1_154' title='bbox 749 1961 879 2022; x_wconf 85' lang='lat' dir='ltr'><strong>alterum</strong></span> <span class='ocrx_word' id='word_1_155' title='bbox 899 1969 948 2021; x_wconf 89' lang='lat' dir='ltr'><strong>ter</strong></span> <span class='ocrx_word' id='word_1_156' title='bbox 969 1955 1009 2039; x_wconf 88' lang='lat' dir='ltr'><strong>[c.</strong></span> <span class='ocrx_word' id='word_1_157' title='bbox 1025 1979 1071 2034; x_wconf 87' lang='grc' dir='ltr'>ιιι,</span> 
     </span>
     <span class='ocr_line' id='line_1_22' title="bbox 108 2043 1071 2127; baseline -0.004 -19"><span class='ocrx_word' id='word_1_158' title='bbox 108 2049 137 2121; x_wconf 81' lang='lat'><strong>3,</strong></span> <span class='ocrx_word' id='word_1_159' title='bbox 155 2050 206 2108; x_wconf 78' lang='lat'><strong>23.</strong></span> <span class='ocrx_word' id='word_1_160' title='bbox 229 2064 292 2122; x_wconf 83' lang='lat'>1111,</span> <span class='ocrx_word' id='word_1_161' title='bbox 309 2048 337 2121; x_wconf 88' lang='lat'><strong>9,</strong></span> <span class='ocrx_word' id='word_1_162' title='bbox 356 2048 405 2107; x_wconf 89' lang='lat'><strong>18.</strong></span> <span class='ocrx_word' id='word_1_163' title='bbox 429 2066 478 2127; x_wconf 90' lang='lat' dir='ltr'><strong>ep.</strong></span> <span class='ocrx_word' id='word_1_164' title='bbox 495 2047 544 2120; x_wconf 86' lang='grc'><strong>14,</strong></span> <span class='ocrx_word' id='word_1_165' title='bbox 564 2043 628 2125; x_wconf 86' lang='grc'>14],</span> <span class='ocrx_word' id='word_1_166' title='bbox 649 2045 820 2117; x_wconf 82' lang='lat' dir='ltr'><strong>secundum</strong></span> <span class='ocrx_word' id='word_1_167' title='bbox 833 2044 961 2107; x_wconf 89' lang='lat' dir='ltr'><strong>Homeri</strong></span> <span class='ocrx_word' id='word_1_168' title='bbox 974 2065 1071 2116; x_wconf 80' lang='lat' dir='ltr'><strong>usum,</strong></span> 
     </span>
     <span class='ocr_line' id='line_1_23' title="bbox 107 2128 1074 2211; baseline -0.003 -20"><span class='ocrx_word' id='word_1_169' title='bbox 107 2132 236 2211; x_wconf 88' lang='lat' dir='ltr'><strong>reliquis</strong></span> <span class='ocrx_word' id='word_1_170' title='bbox 257 2131 332 2192; x_wconf 87' lang='lat' dir='ltr'><strong>locis</strong></span> <span class='ocrx_word' id='word_1_171' title='bbox 348 2132 438 2192; x_wconf 84' lang='lat' dir='ltr'><strong>ahter</strong></span> <span class='ocrx_word' id='word_1_172' title='bbox 458 2130 586 2191; x_wconf 86' lang='lat' dir='ltr'><strong>inflexit.</strong></span> <span class='ocrx_word' id='word_1_173' title='bbox 616 2128 701 2207; x_wconf 79' lang='lat' dir='ltr'><strong>Quid</strong></span> <span class='ocrx_word' id='word_1_174' title='bbox 723 2131 807 2189; x_wconf 89' lang='lat' dir='ltr'><strong>enim</strong></span> <span class='ocrx_word' id='word_1_175' title='bbox 820 2130 929 2189; x_wconf 90' lang='lat' dir='ltr'><strong>mirum</strong></span> <span class='ocrx_word' id='word_1_176' title='bbox 949 2148 1019 2189; x_wconf 90' lang='lat' dir='ltr'><strong>eum</strong></span> <span class='ocrx_word' id='word_1_177' title='bbox 1040 2131 1074 2188; x_wconf 93' lang='lat' dir='ltr'><strong>in</strong></span> 
     </span>
     <span class='ocr_line' id='line_1_24' title="bbox 107 2212 1075 2284; baseline -0.005 -9"><span class='ocrx_word' id='word_1_178' title='bbox 107 2215 285 2278; x_wconf 90' lang='lat' dir='ltr'><strong>nominibus</strong></span> <span class='ocrx_word' id='word_1_179' title='bbox 306 2215 511 2279; x_wconf 85' lang='lat' dir='ltr'><strong>usitatissimis</strong></span> <span class='ocrx_word' id='word_1_180' title='bbox 532 2214 667 2276; x_wconf 88' lang='lat' dir='ltr'><strong>sermoni</strong></span> <span class='ocrx_word' id='word_1_181' title='bbox 683 2212 810 2284; x_wconf 85' lang='lat' dir='ltr'><strong>Latino,</strong></span> <span class='ocrx_word' id='word_1_182' title='bbox 834 2212 881 2271; x_wconf 91' lang='lat' dir='ltr'><strong>bis</strong></span> <span class='ocrx_word' id='word_1_183' title='bbox 903 2221 989 2272; x_wconf 83' lang='lat' dir='ltr'><strong>terre</strong></span> <span class='ocrx_word' id='word_1_184' title='bbox 1006 2231 1075 2271; x_wconf 90' lang='lat' dir='ltr'><strong>cum</strong></span> 
     </span>
     <span class='ocr_line' id='line_1_25' title="bbox 106 2294 1072 2374; baseline -0.01 -12"><span class='ocrx_word' id='word_1_185' title='bbox 106 2301 237 2362; x_wconf 86' lang='lat' dir='ltr'><strong>Homeri</strong></span> <span class='ocrx_word' id='word_1_186' title='bbox 264 2300 440 2362; x_wconf 84' lang='lat' dir='ltr'><strong>auctoritati</strong></span> <span class='ocrx_word' id='word_1_187' title='bbox 467 2307 548 2360; x_wconf 89' lang='lat' dir='ltr'><strong>esset</strong></span> <span class='ocrx_word' id='word_1_188' title='bbox 568 2297 746 2369; x_wconf 85' lang='lat' dir='ltr'><strong>obsecutus,</strong></span> <span class='ocrx_word' id='word_1_189' title='bbox 776 2294 850 2356; x_wconf 88' lang='lat' dir='ltr'><strong>alibi</strong></span> <span class='ocrx_word' id='word_1_190' title='bbox 872 2295 965 2374; x_wconf 82' lang='lat' dir='ltr'><strong>vulgo</strong></span> <span class='ocrx_word' id='word_1_191' title='bbox 986 2314 1072 2354; x_wconf 88' lang='lat' dir='ltr'><strong>naur-</strong></span> 
     </span>
     <span class='ocr_line' id='line_1_26' title="bbox 106 2379 1074 2465; baseline -0.009 -19"><span class='ocrx_word' id='word_1_192' title='bbox 106 2394 197 2465; x_wconf 86' lang='lat' dir='ltr'><strong>pataa</strong></span> <span class='ocrx_word' id='word_1_193' title='bbox 219 2387 323 2465; x_wconf 88' lang='lat' dir='ltr'><strong>potius</strong></span> <span class='ocrx_word' id='word_1_194' title='bbox 343 2384 507 2447; x_wconf 75' lang='lat' dir='ltr'><strong>retinuisse</strong></span> <span class='ocrx_word' id='word_1_195' title='bbox 528 2383 652 2445; x_wconf 69' lang='lat' dir='ltr'><strong>formu.</strong></span> <span class='ocrx_word' id='word_1_196' title='bbox 682 2380 788 2441; x_wconf 82' lang='lat' dir='ltr'><strong>Simile</strong></span> <span class='ocrx_word' id='word_1_197' title='bbox 809 2398 882 2440; x_wconf 84' lang='lat' dir='ltr'><strong>vero</strong></span> <span class='ocrx_word' id='word_1_198' title='bbox 905 2399 968 2438; x_wconf 91' lang='lat' dir='ltr'><strong>non</strong></span> <span class='ocrx_word' id='word_1_199' title='bbox 991 2379 1074 2438; x_wconf 90' lang='lat' dir='ltr'><strong>cadit</strong></span> 
     </span>
     <span class='ocr_line' id='line_1_27' title="bbox 105 2462 1075 2549; baseline -0.006 -20"><span class='ocrx_word' id='word_1_200' title='bbox 105 2472 140 2530; x_wconf 89' lang='lat' dir='ltr'><strong>in</strong></span> <span class='ocrx_word' id='word_1_201' title='bbox 157 2469 418 2549; x_wconf 81' lang='lat' dir='ltr'><strong>Bellerophontae</strong></span> <span class='ocrx_word' id='word_1_202' title='bbox 437 2466 636 2540; x_wconf 78' lang='lat' dir='ltr'><strong>vocabulum,</strong></span> <span class='ocrx_word' id='word_1_203' title='bbox 657 2466 751 2544; x_wconf 86' lang='lat' dir='ltr'><strong>longe</strong></span> <span class='ocrx_word' id='word_1_204' title='bbox 772 2462 974 2525; x_wconf 82' lang='lat' dir='ltr'><strong>rarissimum:</strong></span> <span class='ocrx_word' id='word_1_205' title='bbox 1002 2483 1075 2524; x_wconf 91' lang='lat' dir='ltr'><strong>narn</strong></span> 
     </span>
     <span class='ocr_line' id='line_1_28' title="bbox 105 2549 1074 2633; baseline -0.007 -19"><span class='ocrx_word' id='word_1_206' title='bbox 105 2563 232 2633; x_wconf 87' lang='lat' dir='ltr'><strong>praeter</strong></span> <span class='ocrx_word' id='word_1_207' title='bbox 256 2554 419 2615; x_wconf 87' lang='lat' dir='ltr'><strong>Horatium</strong></span> <span class='ocrx_word' id='word_1_208' title='bbox 450 2572 467 2614; x_wconf 93' lang='lat' dir='ltr'><strong>c</strong></span> <span class='ocrx_word' id='word_1_209' title='bbox 500 2552 660 2632; x_wconf 81' lang='lat' dir='ltr'><strong>dactylicis</strong></span> <span class='ocrx_word' id='word_1_210' title='bbox 685 2551 849 2629; x_wconf 87' lang='lat' dir='ltr'><strong>scriptores</strong></span> <span class='ocrx_word' id='word_1_211' title='bbox 876 2549 1074 2628; x_wconf 86' lang='lat' dir='ltr'><strong>paucissimos</strong></span> 
     </span>
     <span class='ocr_line' id='line_1_29' title="bbox 104 2632 1073 2714; baseline -0.007 -16"><span class='ocrx_word' id='word_1_212' title='bbox 104 2640 152 2698; x_wconf 83' lang='lat' dir='ltr'><strong>nti</strong></span> <span class='ocrx_word' id='word_1_213' title='bbox 179 2659 217 2700; x_wconf 97' lang='lat' dir='ltr'><strong>eo</strong></span> <span class='ocrx_word' id='word_1_214' title='bbox 243 2638 380 2699; x_wconf 88' lang='lat' dir='ltr'><strong>memini.</strong></span> <span class='ocrx_word' id='word_1_215' title='bbox 422 2636 465 2697; x_wconf 81' lang='lat' dir='ltr'><strong>Et</strong></span> <span class='ocrx_word' id='word_1_216' title='bbox 485 2636 679 2697; x_wconf 84' lang='lat' dir='ltr'><strong>Homericam</strong></span> <span class='ocrx_word' id='word_1_217' title='bbox 705 2633 830 2714; x_wconf 88' lang='lat' dir='ltr'><strong>quidem</strong></span> <span class='ocrx_word' id='word_1_218' title='bbox 857 2632 984 2693; x_wconf 83' lang='lat' dir='ltr'><strong>formam</strong></span> <span class='ocrx_word' id='word_1_219' title='bbox 1011 2653 1073 2692; x_wconf 91' lang='lat' dir='ltr'><strong>uno</strong></span> 
     </span>
     <span class='ocr_line' id='line_1_30' title="bbox 104 2715 1074 2802; baseline -0.006 -21"><span class='ocrx_word' id='word_1_220' title='bbox 104 2723 172 2783; x_wconf 92' lang='lat' dir='ltr'><strong>loco</strong></span> <span class='ocrx_word' id='word_1_221' title='bbox 203 2718 277 2802; x_wconf 84' lang='lat'>[111,</span> <span class='ocrx_word' id='word_1_222' title='bbox 308 2723 363 2796; x_wconf 81' lang='lat'><strong>12,</strong></span> <span class='ocrx_word' id='word_1_223' title='bbox 387 2717 427 2800; x_wconf 84' lang='lat'><strong>3]</strong></span> <span class='ocrx_word' id='word_1_224' title='bbox 461 2729 576 2782; x_wconf 87' lang='lat' dir='ltr'><strong>certam</strong></span> <span class='ocrx_word' id='word_1_225' title='bbox 608 2740 667 2780; x_wconf 88' lang='lat' dir='ltr'><strong>nec</strong></span> <span class='ocrx_word' id='word_1_226' title='bbox 696 2719 861 2779; x_wconf 84' lang='lat' dir='ltr'><strong>obnoxiam</strong></span> <span class='ocrx_word' id='word_1_227' title='bbox 889 2715 1074 2777; x_wconf 84' lang='lat' dir='ltr'><strong>dubitationi</strong></span> 
     </span>
     <span class='ocr_line' id='line_1_31' title="bbox 104 2800 1073 2889; baseline -0.007 -23"><span class='ocrx_word' id='word_1_228' title='bbox 104 2808 236 2889; x_wconf 87' lang='lat' dir='ltr'><strong>reperiri</strong></span> <span class='ocrx_word' id='word_1_229' title='bbox 258 2806 342 2886; x_wconf 90' lang='lat' dir='ltr'><strong>apud</strong></span> <span class='ocrx_word' id='word_1_230' title='bbox 363 2805 509 2867; x_wconf 79' lang='lat' dir='ltr'><strong>Flaccum</strong></span> <span class='ocrx_word' id='word_1_231' title='bbox 535 2812 584 2865; x_wconf 90' lang='lat' dir='ltr'><strong>sat</strong></span> <span class='ocrx_word' id='word_1_232' title='bbox 605 2812 734 2865; x_wconf 62' lang='lat' dir='ltr'><strong>condat.</strong></span> <span class='ocrx_word' id='word_1_233' title='bbox 777 2801 817 2862; x_wconf 91' lang='lat' dir='ltr'><strong>In</strong></span> <span class='ocrx_word' id='word_1_234' title='bbox 838 2820 929 2861; x_wconf 85' lang='lat' dir='ltr'><strong>versu</strong></span> <span class='ocrx_word' id='word_1_235' title='bbox 952 2800 991 2861; x_wconf 91' lang='lat' dir='ltr'><strong>de</strong></span> <span class='ocrx_word' id='word_1_236' title='bbox 1013 2820 1073 2879; x_wconf 89' lang='lat' dir='ltr'><strong>qno</strong></span> 
     </span>
     <span class='ocr_line' id='line_1_32' title="bbox 100 2885 1074 2971; baseline -0.009 -18"><span class='ocrx_word' id='word_1_237' title='bbox 100 2893 180 2953; x_wconf 85' lang='lat' dir='ltr'><strong>exiit</strong></span> <span class='ocrx_word' id='word_1_238' title='bbox 210 2892 377 2971; x_wconf 89' lang='lat' dir='ltr'><strong>disputatio</strong></span> <span class='ocrx_word' id='word_1_239' title='bbox 400 2898 431 2951; x_wconf 89' lang='lat' dir='ltr'><strong>et</strong></span> <span class='ocrx_word' id='word_1_240' title='bbox 452 2890 657 2951; x_wconf 89' lang='lat' dir='ltr'><strong>Bornensium</strong></span> <span class='ocrx_word' id='word_1_241' title='bbox 684 2886 831 2948; x_wconf 88' lang='lat' dir='ltr'><strong>librorum</strong></span> <span class='ocrx_word' id='word_1_242' title='bbox 852 2885 1074 2946; x_wconf 84' lang='lat' dir='ltr'><strong>vetustissimus</strong></span> 
     </span>
     <span class='ocr_line' id='line_1_33' title="bbox 100 2969 1072 3056; baseline -0.006 -20"><span class='ocrx_word' id='word_1_243' title='bbox 100 2983 135 3036; x_wconf 89' lang='lat' dir='ltr'><strong>et</strong></span> <span class='ocrx_word' id='word_1_244' title='bbox 157 2976 415 3056; x_wconf 77' lang='lat' dir='ltr'><strong>praestantissimi</strong></span> <span class='ocrx_word' id='word_1_245' title='bbox 435 2974 646 3034; x_wconf 84' lang='lat' dir='ltr'><strong>Parisinorum</strong></span> <span class='ocrx_word' id='word_1_246' title='bbox 667 2992 736 3032; x_wconf 87' lang='lat' dir='ltr'><strong>cnm</strong></span> <span class='ocrx_word' id='word_1_247' title='bbox 756 2969 824 3030; x_wconf 81' lang='lat' dir='ltr'><strong>aliia</strong></span> <span class='ocrx_word' id='word_1_248' title='bbox 847 2970 1004 3029; x_wconf 85' lang='lat' dir='ltr'><strong>nonnullis</strong></span> <span class='ocrx_word' id='word_1_249' title='bbox 1019 2969 1072 3030; x_wconf 86' lang='lat' dir='ltr'><strong>ha·</strong></span> 
     </span>
     <span class='ocr_line' id='line_1_34' title="bbox 102 3048 1073 3139; baseline -0.01 -18"><span class='ocrx_word' id='word_1_250' title='bbox 102 3060 179 3121; x_wconf 86' lang='lat' dir='ltr'><strong>bant</strong></span> <span class='ocrx_word' id='word_1_251' title='bbox 193 3059 436 3139; x_wconf 71' lang='lat' dir='ltr'><strong>Bellerophonte</strong></span> <span class='ocrx_word' id='word_1_252' title='bbox 450 3060 515 3119; x_wconf 86' lang='lat' dir='ltr'><strong>sire</strong></span> <span class='ocrx_word' id='word_1_253' title='bbox 530 3059 615 3138; x_wconf 82' lang='lat' dir='ltr'><strong>quod</strong></span> <span class='ocrx_word' id='word_1_254' title='bbox 628 3057 712 3117; x_wconf 86' lang='lat' dir='ltr'><strong>idem</strong></span> <span class='ocrx_word' id='word_1_255' title='bbox 724 3054 809 3116; x_wconf 81' lang='lat' dir='ltr'><strong>valet</strong></span> <span class='ocrx_word' id='word_1_256' title='bbox 828 3048 913 3131; x_wconf 89' lang='lat' dir='ltr'><strong>(nam</strong></span> <span class='ocrx_word' id='word_1_257' title='bbox 927 3053 1073 3114; x_wconf 85' lang='lat' dir='ltr'><strong>Kellerus</strong></span> 
     </span>
     <span class='ocr_line' id='line_1_35' title="bbox 101 3136 1072 3225; baseline -0.011 -19"><span class='ocrx_word' id='word_1_258' title='bbox 101 3165 267 3225; x_wconf 81' lang='lat' dir='ltr'><strong>perperam</strong></span> <span class='ocrx_word' id='word_1_259' title='bbox 295 3144 433 3204; x_wconf 86' lang='lat' dir='ltr'><strong>dativum</strong></span> <span class='ocrx_word' id='word_1_260' title='bbox 459 3143 584 3215; x_wconf 86' lang='lat' dir='ltr'><strong>tertiae,</strong></span> <span class='ocrx_word' id='word_1_261' title='bbox 613 3141 734 3202; x_wconf 87' lang='lat' dir='ltr'><strong>Lucilio</strong></span> <span class='ocrx_word' id='word_1_262' title='bbox 758 3158 850 3218; x_wconf 89' lang='lat' dir='ltr'><strong>quam</strong></span> <span class='ocrx_word' id='word_1_263' title='bbox 868 3137 998 3198; x_wconf 90' lang='lat' dir='ltr'><strong>Horatio</strong></span> <span class='ocrx_word' id='word_1_264' title='bbox 1029 3136 1072 3195; x_wconf 89' lang='lat' dir='ltr'><strong>di-</strong></span> 
     </span>
     <span class='ocr_line' id='line_1_36' title="bbox 102 3219 1073 3308; baseline -0.011 -20"><span class='ocrx_word' id='word_1_265' title='bbox 102 3230 245 3308; x_wconf 84' lang='lat' dir='ltr'><strong>gniorem</strong></span> <span class='ocrx_word' id='word_1_266' title='bbox 266 3228 453 3289; x_wconf 86' lang='lat' dir='ltr'><strong>existimavit</strong></span> <span class='ocrx_word' id='word_1_267' title='bbox 475 3226 561 3305; x_wconf 88' lang='lat' dir='ltr'><strong>esse)</strong></span> <span class='ocrx_word' id='word_1_268' title='bbox 584 3224 839 3304; x_wconf 83' lang='lat' dir='ltr'><strong>Bellerophonte.</strong></span> <span class='ocrx_word' id='word_1_269' title='bbox 881 3222 966 3282; x_wconf 90' lang='lat' dir='ltr'><strong>Hinc</strong></span> <span class='ocrx_word' id='word_1_270' title='bbox 987 3219 1073 3279; x_wconf 89' lang='lat' dir='ltr'><strong>haud</strong></span> 
     </span>
     <span class='ocr_line' id='line_1_37' title="bbox 100 3309 1073 3392; baseline -0.011 -19"><span class='ocrx_word' id='word_1_271' title='bbox 100 3312 284 3374; x_wconf 86' lang='lat' dir='ltr'><strong>dubitanter</strong></span> <span class='ocrx_word' id='word_1_272' title='bbox 304 3313 425 3374; x_wconf 86' lang='lat' dir='ltr'><strong>restitui</strong></span> <span class='ocrx_word' id='word_1_273' title='bbox 454 3312 604 3392; x_wconf 86' lang='lat' dir='ltr'><strong>oportuit,</strong></span> <span class='ocrx_word' id='word_1_274' title='bbox 633 3309 717 3390; x_wconf 90' lang='lat' dir='ltr'><strong>quod</strong></span> <span class='ocrx_word' id='word_1_275' title='bbox 738 3328 802 3368; x_wconf 91' lang='lat' dir='ltr'><strong>non</strong></span> <span class='ocrx_word' id='word_1_276' title='bbox 824 3315 981 3384; x_wconf 89' lang='lat' dir='ltr'><strong>receptum</strong></span> <span class='ocrx_word' id='word_1_277' title='bbox 1004 3321 1073 3363; x_wconf 90' lang='lat' dir='ltr'><strong>esse</strong></span> 
     </span>
     <span class='ocr_line' id='line_1_38' title="bbox 101 3385 1072 3476; baseline -0.012 -19"><span class='ocrx_word' id='word_1_278' title='bbox 101 3396 212 3471; x_wconf 86' lang='lat' dir='ltr'><strong>doleo,</strong></span> <span class='ocrx_word' id='word_1_279' title='bbox 234 3396 506 3476; x_wconf 85' lang='lat' dir='ltr'><strong>Bellerophontae.</strong></span> <span class='ocrx_word' id='word_1_280' title='bbox 535 3395 644 3455; x_wconf 87' lang='lat' dir='ltr'><strong>Restat</strong></span> <span class='ocrx_word' id='word_1_281' title='bbox 665 3415 696 3455; x_wconf 86' lang='lat' dir='ltr'><strong>v.</strong></span> <span class='ocrx_word' id='word_1_282' title='bbox 711 3394 752 3453; x_wconf 80' lang='lat'><strong>28</strong></span> <span class='ocrx_word' id='word_1_283' title='bbox 775 3412 801 3452; x_wconf 94' lang='lat' dir='ltr'><strong>c.</strong></span> <span class='ocrx_word' id='word_1_284' title='bbox 816 3409 850 3449; x_wconf 83' lang='lat'><strong>11</strong></span> <span class='ocrx_word' id='word_1_285' title='bbox 871 3389 894 3449; x_wconf 91' lang='lat' dir='ltr'><strong>l.</strong></span> <span class='ocrx_word' id='word_1_286' title='bbox 909 3406 960 3448; x_wconf 83' lang='lat'>1111</span> <span class='ocrx_word' id='word_1_287' title='bbox 983 3385 1072 3447; x_wconf 76' lang='lat' dir='ltr'><strong>‘Bel-</strong></span> 
     </span>
     <span class='ocr_line' id='line_1_39' title="bbox 98 3472 1072 3563; baseline -0.011 -22"><span class='ocrx_word' id='word_1_288' title='bbox 98 3481 347 3563; x_wconf 88' lang='lat' dir='ltr'><strong>lerophontem&#39;,</strong></span> <span class='ocrx_word' id='word_1_289' title='bbox 374 3479 429 3541; x_wconf 86' lang='lat' dir='ltr'><strong>uhi</strong></span> <span class='ocrx_word' id='word_1_290' title='bbox 456 3479 543 3541; x_wconf 89' lang='lat' dir='ltr'><strong>nulla</strong></span> <span class='ocrx_word' id='word_1_291' title='bbox 572 3478 716 3563; x_wconf 85' lang='lat' dir='ltr'><strong>equidem</strong></span> <span class='ocrx_word' id='word_1_292' title='bbox 743 3475 909 3536; x_wconf 87' lang='lat' dir='ltr'><strong>adnotatur</strong></span> <span class='ocrx_word' id='word_1_293' title='bbox 935 3472 1072 3532; x_wconf 85' lang='lat' dir='ltr'><strong>varietas</strong></span> 
     </span>
    </p>
   </div>
   <div class='ocr_carea' id='block_1_7' title="bbox 0 0 1290 4022">
    <p class='ocr_par' dir='ltr' id='par_1_9' title="bbox 0 0 1290 4022">
     <span class='ocr_line' id='line_1_40' title="bbox 0 0 1290 4022; baseline 0 2"><span class='ocrx_word' id='word_1_294' title='bbox 0 0 1290 4022; x_wconf 95' lang='lat' dir='ltr'><strong> </strong></span> 
     </span>
    </p>
   </div>
  </div>
 </body>
</html>
