2600 4026
525 223 634 279 LIBER
654 223 676 281 L

549 456 645 532 XVI.

225 589 253 656 0
274 593 376 655 matre
397 588 530 674 pulchra
550 588 618 653 filia
638 587 816 673 pulchrior,

225 673 326 752 Quem
349 673 527 739 criminosis
551 693 683 756 eumque
704 674 791 738 voles
813 673 942 738 modum
1035 683 1038 688 ’

271 760 378 826 Pones
399 758 530 840 iambis,
553 758 619 822 sive
640 757 770 821 flamma

321 842 394 909 Sive
416 842 496 906 mari
517 841 596 906 libet
616 841 790 907 Hadriano.

225 977 302 1044 Non
323 976 538 1061 Dindymene,
560 997 628 1041 non
650 976 690 1041 ad
728 977 753 1040 's
776 977 878 1060 quatit
1067 986 1084 1038 ὅ

225 1061 369 1128 Mentem
391 1060 592 1126 sacerdotum
612 1062 720 1126 incoa
739 1060 889 1146 Pythius,

271 1146 348 1212 Non
369 1146 466 1211 Liber
487 1167 586 1229 aeque
623 1167 691 1209 non
712 1148 806 1210 acuta

324 1229 359 1296 si
380 1230 548 1316 geminant
569 1194 767 1314 (torybantes
792 1251 880 1315 aera,

226 1365 347 1430 hhistes
368 1369 406 1431 ut
425 1365 506 1450 irae,
528 1386 607 1450 quas
628 1386 731 1448 neque
752 1363 890 1430 Noricus

227 1448 376 1515 Deterret
397 1451 483 1515 ensis
504 1470 564 1515 nec
585 1471 673 1513 mare
693 1449 787 1513 naufr

273 1534 342 1601 Neo
364 1556 477 1599 saevus
498 1534 585 1619 ignis
606 1555 666 1598 nec
686 1536 811 1599 tremen
833 1555 852 1598 o

324 1617 469 1703 Iuppiter
490 1618 559 1702 ipse
579 1639 676 1682 ruens
696 1619 844 1682 tumultu.

226 1753 342 1819 Fertur
362 1751 571 1818 Prometheus
593 1753 708 1819 addere
729 1752 868 1838 principi

227 1837 320 1903 Limo
343 1842 471 1903 coactus
493 1837 681 1921 particulam
702 1837 842 1921 undique

273 1920 445 1989 Desectam
466 1925 499 1987 et
519 1922 626 1987 insani
647 1922 750 1987 leonis

324 2006 400 2072 Vim
421 2006 586 2072 stomacho
608 2006 794 2090 adposuisse
815 2008 926 2072 nostro

227 2140 299 2205 Irae
321 2141 483 2226 Thyesten
504 2141 601 2206 exitio
623 2142 714 2227 gravi

230 2225 376 2292 Stravere
398 2229 431 2291 et
452 2224 525 2290 altis
547 2225 677 2290 urbibus
699 2226 830 2290 ultimae

276 2308 398 2376 Stetere
422 2331 536 2375 causae
541 2359 551 2393 ,
574 2332 629 2374 cur
650 2310 791 2394 perirent

325 2393 482 2460 Fimditus
503 2394 750 2479 inprimeretque
772 2395 871 2458 muris

228 2528 354 2594 Hostile
377 2533 518 2595 aratrum
539 2530 695 2594 exercitus
716 2530 868 2594 insolens.

232 2611 396 2698 Oonpesoe
417 2617 573 2679 mentem:
594 2637 647 2679 me
669 2635 794 2699 quoque
815 2614 953 2699 pectoris

275 2696 459 2782 Temptavit
480 2699 514 2762 in
537 2697 621 2762 dulci
642 2699 772 2763 iuventa

325 2781 446 2848 Feruor
466 2786 499 2847 et
520 2783 555 2846 in
576 2782 694 2847 celeres
716 2783 840 2847 iambos

230 2915 319 2980 Misit
338 2917 511 3003 furentem3
534 2939 619 2982 nunc
639 2938 699 3065 ego
719 2918 850 2982 mitibus

230 2998 354 3066 Mutare
377 3023 494 3086 quaero
516 3002 636 3085 tristia,
680 3023 734 3065 um
755 3000 835 3066 mihi

221 3121 227 3130 ·
275 3084 349 3149 Fies
369 3086 540 3151 recantatis
563 3086 666 3151 amica

327 3169 515 3255 Opprobriis
537 3171 739 3254 animumque
761 3169 885 3235 reddas.

528 3395 680 3404 ——--
