2600 4026
521 234 628 291 LIBER
650 235 698 290 ΙΙΙ.

247 399 317 463 Hac
339 400 407 463 arte
428 398 543 463 Pollux
564 399 597 462 et
621 418 720 482 vagus
742 393 896 461 Hercules

247 483 365 548 Enisus
387 504 476 546 arces
498 481 606 566 attigit
625 481 751 566 igneas,

294 566 382 643 Quos
403 567 486 631 inter
507 566 538 629 A
605 567 673 629 stus
694 563 882 629 recumbens

344 649 506 735 Purpureo
528 649 562 713 bi
585 651 618 714 et
639 670 693 714 ore
713 651 832 714 nectar.

247 819 319 883 Hac
339 821 372 882 te
393 821 583 900 merentem,
605 816 732 881 Bacche
753 819 857 899 pater,
880 818 954 880 tuae

247 902 371 968 Verere
392 902 508 986 tigres,
529 901 662 966 indocili
682 901 794 985 iugum
856 936 859 939 ·

296 985 388 1053 Collo
409 985 586 1071 trahentes3
609 985 669 1050 hac
691 984 841 1061 Quirinus

345 1070 459 1134 Martis
482 1070 570 1154 equis
592 1069 776 1134 Acheronta
796 1069 895 1154 sugit,

250 1238 384 1305 Gratum
406 1239 531 1303 elocuta
553 1237 794 1303 consiliantibus

249 1322 373 1388 Iunone
395 1322 491 1386 divis:
529 1321 640 1405 ‘Ilion,
662 1321 747 1386 Ilion

296 1405 415 1471 Fatalis
437 1406 638 1489 incestusque
659 1405 754 1470 iudex

346 1490 390 1554 Et
410 1490 525 1555 mulier
545 1490 714 1576 peregriua
734 1491 830 1555 vertit

196 1688 198 1691 v
249 1641 290 1707 [n
310 1642 488 1726 pulverem,
511 1664 549 1706 ex
570 1662 633 1725 quo
656 1641 800 1706 destituit
822 1642 897 1706 deos

250 1725 397 1791 Mercede
418 1728 513 1809 pacta
533 1723 733 1808 Laomedon,
755 1725 835 1789 mihi

297 1808 474 1894 Uestaeque
496 1810 679 1874 damnatam
701 1809 864 1874 Minervae

348 1892 429 1959 (lum
451 1894 570 1978 populo
593 1898 625 1979 et
647 1894 726 1958 duce
746 1895 959 1959 fraudulento.

250 2045 320 2110 Iam
340 2044 400 2110 nee
420 2044 585 2110 Lacaenae
607 2045 753 2130 splendet
774 2045 936 2110 adulterae

214 2142 216 2147 ⁴
251 2129 405 2194 Famosus
426 2128 543 2213 hospes
564 2150 624 2193 nec
644 2129 765 2193 Priami
787 2130 899 2194 domus

248 2257 253 2261 -
296 2213 428 2278 Periura
448 2234 611 2298 pugnaces
632 2211 774 2277 Achivos

348 2297 515 2362 Hectoreis
537 2297 651 2381 opibus
673 2296 836 2381 refringit,

251 2447 443 2532 Nostrisque
463 2449 593 2513 ductum
615 2448 823 2513 seditionibus

251 2532 378 2597 Bellum
398 2534 526 2598 resedit.
570 2533 720 2597 Protinus
742 2536 909 2618 etgraves

297 2615 366 2681 Iras
388 2619 421 2682 εὴ
441 2618 580 2681 invisum
600 2619 767 2701 nepotem,

348 2700 463 2766 Troica
484 2722 578 2785 quem
591 2702 723 2786 ,peperit
743 2701 905 2784 sacerdos,

251 2850 348 2916 Marti
368 2853 546 2938 redonab03
568 2854 659 2918 illum
681 2874 741 2939 ego
763 2853 885 2917 lucidas

251 2933 338 3000 Inire
359 2936 464 3019 sedes,
487 2936 601 3001 ducere
621 2937 760 3002 nectaris

299 3017 398 3085 Suoos
420 3023 452 3085 et
473 3020 610 3085 adscribi
633 3022 747 3105 quietis

349 3103 522 3168 Ordinibus
543 3106 648 3190 patiar
670 3106 809 3172 deorum.

251 3253 337 3319 Dum
358 3256 475 3342 longus
496 3236 581 3321 inter¹
602 3257 724 3322 saeviat
744 3256 828 3322 Ilion

250 3337 449 3424 Romamque
471 3344 604 3426 pontus,
627 3342 769 3425 qualibet
790 3342 914 3406 exsules

298 3421 337 3487 In
382 3427 450 3490 arte
472 3429 629 3510 regnante
650 3426 751 3510 beati3
887 3431 889 3437 ’

379 3531 434 3572 um
454 3509 576 3574 Priami
596 3509 782 3594 Paridisque
804 3509 898 3574 busto
968 3607 971 3611 ἵ
994 3608 996 3611 Ι
