2570 4022
483 229 696 289 PRAEFATIO.
968 231 1072 288 XXVII

16 396 18 433 ³
106 386 295 468 plitudinem
317 389 450 450 evadere
472 389 599 450 odarum
620 391 664 450 ita
685 391 866 454 iunctarum.
900 391 981 453 Nam
1002 400 1074 452 sunt

105 492 215 533 uersus
244 493 309 533 non
335 475 436 534 minus
469 491 554 547 orm,
590 495 659 535 cum
685 474 761 535 alibi
786 496 851 536 non
877 494 972 555 snpra
990 495 1074 537 cxxx

106 557 156 617 rel
176 558 204 617 si
227 557 320 618 altius
341 558 537 637 introspicite
558 575 654 619 mm
676 560 836 620 continuet
854 560 964 622 melica
984 560 1074 621 Flac·

104 661 169 704 cns.
202 640 347 703 Ceterum
367 642 506 704 videnda
527 661 607 722 quae
628 643 800 706 notavimus
821 644 863 704 ad
884 662 910 717 1,
931 645 982 705 35.
1011 645 1073 706 Ne·

101 745 167 805 quo
193 725 342 787 librorum
368 727 580 788 auctoritatem
607 746 669 806 qna
694 729 837 788 nituntur
856 728 1073 788 Lachmannus

16 888 17 891 Ἴ
103 819 137 870 ct
157 809 335 873 Meinckins
360 811 578 891 magnifacio.
614 811 756 885 Etenim,
784 820 819 871 ut
839 811 1001 872 Blandinii
1020 832 1072 873 vc·

16 894 18 959 ξ
100 895 266 955 tustissimi
288 903 320 956 et
340 898 417 955 noni
438 895 555 956 saeculi
575 897 752 959 testimonia
772 898 903 970 mittam,
932 895 1072 976 Porphy-

103 980 166 1051 rio‚
199 979 291 1039 bomo
320 981 519 1053 vanissimus,
550 980 635 1059 quod
659 988 791 1041 testatur
817 980 898 1041 hanc
926 980 1072 1041 odennon

103 1082 174 1123 esse
200 1063 294 1123 aliam
319 1082 412 1143 qnam
437 1064 627 1143 superiorem
653 1097 689 1108 -
715 1065 790 1144 quid
816 1064 918 1138 aliud,
953 1065 1070 1139 amabo,

16 1208 17 1213 ,
99 1147 260 1226 significat
281 1149 342 1208 nisi
363 1149 520 1209 invenisse
541 1168 575 1208 se
596 1149 696 1228 ipsum
717 1151 751 1209 in
771 1148 926 1210 codicibus
949 1150 1071 1230 quibus-

16 1292 18 1305 ‚
101 1231 175 1291 darn
209 1251 332 1292 carmen
368 1231 552 1312 diremptum
588 1252 607 1291 a
642 1233 870 1312 praecedente?
906 1233 1073 1295 Praeterea

16 1312 18 1323 ‘
99 1317 320 1395 ¹grammaticus
347 1316 472 1395 qnidam
502 1348 539 1361 -
567 1316 645 1377 falso
669 1317 768 1378 Servii
794 1319 919 1378 nomine
947 1320 1072 1379 circum·

105 1402 205 1460 fertur
229 1432 265 1443 -
289 1401 375 1460 cuins
401 1399 541 1461 libellum
565 1400 603 1461 de
624 1403 728 1463 metris
749 1401 930 1464 Horatianis
955 1405 1072 1482 primus

99 1484 205 1546 edidit
225 1484 348 1545 Kcilius
371 1481 432 1563 [gr.
454 1485 508 1545 lat.
529 1502 595 1559 1111,
618 1486 681 1546 418
697 1478 783 1567 sqq]
809 1487 922 1548 1111111
943 1495 1073 1548 testatur

16 1626 17 1629 ,
104 1565 173 1648 [pg.
188 1565 268 1648 470]
296 1568 418 1630 abillis
447 1568 578 1629 ‘iustum
600 1577 632 1630 ct
651 1573 809 1630 tenacem’
837 1591 949 1630 novam
977 1571 1073 1631 ordiri

99 1653 198 1714 oden.
234 1680 271 1696 -
306 1652 391 1732 Quid
418 1654 502 1733 quod
529 1653 662 1714 Marium
689 1652 883 1715 Victorinum
913 1655 967 1733 qui
993 1655 1073 1716 illud

104 1737 332 1798 ‘miserarumst
344 1756 448 1818 neque
464 1738 578 1798 amori'
602 1737 816 1799 duodecimum
837 1747 927 1799 vocat
948 1759 1072 1801 carmen

100 1818 180 1901 '[pg,
202 1823 266 1882 234
289 1819 349 1902 G.]
377 1830 509 1902 apparet
531 1829 562 1882 et
584 1823 684 1902 ipsum
707 1823 858 1903 dirempta
884 1823 997 1902 legisse
1025 1844 1071 1885 se·

99 1907 242 1966 cundum
263 1915 295 1966 et
314 1908 449 1967 tertium.
491 1906 558 1966 Neo
578 1916 683 1968 tamen
703 1907 851 1968 librorum
877 1910 1069 1986 auctoritate,

98 2009 184 2070 «qnae
206 1991 334 2050 minima
358 1991 439 2051 solet
466 2010 533 2052 esse
561 1991 595 2051 in
616 1991 664 2051 his
685 1993 839 2065 minutiis,
867 1992 924 2053 scd
944 1993 1071 2053 rationi·

102 2074 161 2135 bns
187 2094 266 2156 quas
286 2094 379 2155 snpra
405 2077 531 2151 exposui
559 2079 690 2154 permoti
712 2077 905 2139 discessimus
932 2097 951 2137 1
972 2077 1069 2137 Lach-

103 2160 211 2219 manni
226 2167 258 2219 et
271 2158 422 2221 Meinekii
442 2159 575 2239 placitis.
607 2160 687 2221 Nam
702 2162 965 2240 grammaticorum
979 2181 1071 2240 quam

98 2243 192 2303 nulla
218 2244 314 2304 fuerit
341 2244 521 2307 dirimendis
542 2252 625 2305 recte
653 2244 858 2323 iungendisve
886 2244 1071 2304 carminibus

105 2327 269 2406 diligentia
295 2348 333 2388 ac
354 2326 520 2408 prudentia
547 2337 677 2409 apparet
704 2329 755 2389 vol
777 2348 815 2389 ea
835 2348 868 2387 re
890 2327 974 2407 quod
994 2328 1070 2387 Dio-

97 2412 209 2471 medes
230 2412 330 2491 prima
352 2431 407 2472 sex
420 2412 492 2472 libri
513 2415 597 2473 tertii
618 2421 759 2493 poemata
781 2412 881 2472 minus
906 2411 1072 2491 diligenter

95 2496 252 2557 «distincta
266 2516 335 2556 cum
347 2497 520 2558 invenisset
539 2498 573 2556 in
588 2497 692 2558 codice
707 2516 762 2558 sno
778 2497 871 2556 nnius
891 2498 988 2557 instar
1003 2516 1071 2558 esse

95 2581 299 2641 existimavit

165 2682 219 2738 m,
244 2666 278 2739 3,
304 2667 355 2725 11.
379 2665 418 2725 12
448 2683 520 2742 quos
540 2672 617 2726 inter
638 2669 786 2744 Aucustus
807 2668 979 2725 recumbens
998 2686 1071 2741 pur·

92 2767 195 2824 parco
218 2751 293 2809 tibet
314 2768 367 2810 ore
387 2759 501 2811 nectar.
536 2750 619 2811 Male
641 2751 802 2813 Bentleius
824 2770 893 2810 cum
914 2750 1071 2831 plerisque

101 2834 264 2894 doctorum
284 2834 421 2913 praefert
442 2833 527 2914 quod
548 2836 582 2894 in
604 2834 672 2895 aliis
694 2833 785 2896 codd.
807 2842 926 2913 prostat
948 2833 1068 2909 ε1111111’,

94 2919 178 2997 quia
198 2919 262 2978 iam
283 2920 372 2979 vivus
394 2920 539 2979 nimirum
552 2918 710 2998 Angustus
733 2919 860 2979 deorum
881 2938 1008 2979 numero
1031 2922 1072 2980 sit

98 3001 238 3062 habitus.
274 3002 318 3062 Et
340 3002 459 3064 dehac
481 3003 606 3083 quidem
626 3022 659 3063 re
681 3011 729 3063 sat
750 3012 881 3065 constet.
924 3001 1072 3064 Absurde

95 3094 206 3146 tamen
229 3105 288 3147 nec
308 3087 373 3147 ullo
396 3088 519 3167 aequali
537 3085 671 3167 Augusti
692 3088 807 3148 nedum
821 3088 952 3149 Horatio
976 3089 1072 3166 digna

94 3171 162 3230 <erit
183 3169 323 3232 adulatio
347 3171 477 3232 dicentis
498 3170 660 3233 0111111111
681 3172 821 3252 quotidie
843 3175 876 3233 in
899 3172 994 3232 oculis
1015 3173 1070 3229 ho-

93 3255 221 3315 minum
247 3264 424 3317 versantem
452 3264 483 3316 et
510 3256 560 3316 eui
583 3262 736 3330 praesenti
755 3258 825 3317 sine
849 3276 941 3316 exem
963 3256 993 3314 lo
1016 3253 1070 3312 ho-

93 3356 195 3399 nores
223 3339 346 3400 divinoe
374 3349 512 3404 sacratos
539 3358 605 3400 esse
631 3341 699 3419 ipse
720 3342 815 3401 refert
835 3348 925 3416 poeta
941 3276 1013 3418 bcp.
1034 3354 1069 3411 11,

99 3423 130 3495 1,
158 3419 218 3501 15]
248 3423 439 3485 adscendere
460 3424 559 3485 solere
581 3424 698 3486 caelum
727 3434 759 3486 et
785 3425 867 3483 inter
888 3422 963 3482 deos
985 3441 1070 3482 recu·

92 3503 188 3567 bero.
231 3506 351 3569 Horum
372 3528 484 3589 nempe
506 3510 655 3570 convivae
676 3527 741 3569 non
762 3509 847 3588 prius
870 3525 937 3566 esse
958 3504 1072 3569 licebat
