2558 4022
252 815 898 917 EPISTVLARVM

415 996 524 1054 LIBER
540 997 738 1059 SECVNDVS.

562 1172 582 1246 I

96 1272 190 1373 oum
210 1306 262 1370 tot
282 1304 439 1370 sustineas
461 1307 494 1370 et
514 1306 605 1369 tenta
625 1303 756 1388 negotia
777 1304 880 1389 solus,

95 1392 160 1457 Res
181 1387 280 1454 Itelss
302 1388 398 1453 armis
419 1388 547 1471 tutoris,
569 1387 710 1452 moribus
732 1408 839 1472 ornes,

166 1473 236 1538 ‘bus
257 1473 421 1541 emendes:
443 1472 479 1537 in
499 1472 627 1557 publica
648 1471 814 1537 commoda
826 1492 977 1621 gessem,

97 1558 131 1626 Si
166 1577 252 1643 ongo
274 1577 419 1622 sermone
440 1577 545 1622 morer
564 1559 620 1621 tua
639 1560 705 1621 tem
749 1577 802 1639 ra,
853 1577 952 1621 neser.

96 1642 251 1710 Romulus
274 1644 306 1706 et
327 1640 423 1706 Liber
443 1644 535 1727 pater
556 1644 589 1706 et
609 1662 681 1706 oum
731 1643 835 1705 setore
856 1640 985 1724 Pollux,
1042 1652 1060 1701 o

96 1727 176 1795 Post
196 1725 342 1811 ingentis
361 1726 447 1791 fuste
468 1725 599 1791 deorum
620 1726 654 1789 in
674 1725 796 1809 templs
816 1726 952 1809 recepti,

96 1810 183 1877 Dum
193 1813 294 1875 terras
306 1810 471 1875 hominurn
493 1832 533 1876 ue
544 1810 654 1875 oolunt
662 1831 774 1895 genus,
789 1831 902 1894 aspero
912 1808 997 1874 bella

99 1894 310 1980 Conponunt,
332 1915 426 1980 agros
490 1894 634 1981 signant,
656 1893 775 2042 oppido
796 1894 952 1977 condunt,

97 1981 266 2046 Ploravere
288 1979 354 2045 suis
374 2000 442 2045 non
460 1978 652 2063 respondere
688 1999 816 2043 svorem

5 2108 7 2151 ᾗ
98 2064 266 2132 Senatum
287 2063 418 2128 meritis.
463 2063 571 2128 Dirum
593 2063 648 2146 qui
674 2063 820 2127 contudit
839 2060 974 2145 hydram
1028 2073 1062 2123 10

5 2160 7 2235 4
130 2171 150 2214 o
207 2170 247 2213 ue
268 2148 360 2213 fatali
377 2150 531 2246 portentu
551 2146 660 2211 labore
681 2145 835 2244 subegit,

5 2268 6 2315 3
98 2232 266 2317 Comperit
285 2231 439 2297 invidiam
461 2252 608 2316 supremo
629 2230 693 2295 fine
715 2230 846 2296 domam.

97 2317 173 2383 Vrit
193 2316 280 2382 enim
299 2316 426 2401 fulgore
447 2335 519 2400 suo,
541 2316 597 2399 qui
616 2317 806 2400 praegravat
826 2316 909 2378 ortes

98 2401 189 2467 Infra
209 2420 245 2465 se
265 2399 402 2486 positus,
425 2400 599 2465 exstinctus
620 2399 778 2463 amabitur
798 2397 894 2463 idem.

5 2488 6 2493 ’
98 2484 266 2550 Praesenti
286 2484 346 2551 tibi
367 2487 509 2550 molinos
530 2483 686 2569 largimur
705 2481 858 2567 honores,
1031 2493 1063 2543 15

5 2598 7 2601 ’
98 2568 317 2654 Iurandasque
337 2573 428 2635 tuum
449 2591 507 2654 per
527 2588 648 2633 numen
668 2568 817 2652 ponimus
838 2587 925 2650 aras,

5 2730 20 2735 μ
98 2652 157 2720 Nil
178 2653 333 2719 oriturum
355 2653 449 2736 alias,
470 2653 519 2718 nil
540 2656 646 2719 ortum
666 2653 731 2718 tels
751 2653 900 2718 fatentes.

100 2737 165 2805 Sed
185 2740 260 2805 tuus
280 2736 334 2803 hie
354 2738 507 2822 populus,
531 2738 658 2821 sapiens
680 2739 712 2802 et
733 2738 835 2802 iustus
856 2736 892 2800 in
912 2755 993 2818 uno,

100 2822 147 2888 Te
168 2823 288 2888 nostris
310 2821 458 2905 ducibus,
479 2824 513 2887 te
535 2821 628 2887 Grais
650 2819 872 2902 anteferendo,

100 2905 218 2972 Cetera
238 2926 439 2991 nequequam
462 2905 559 2971 simili
579 2905 704 2970 ratione
725 2904 883 3002 modoque
1031 2913 1067 2966 20

15 3048 18 3055 .
99 2991 263 3056 Aestimat
283 2995 328 3075 et,
350 2991 414 3056 nisi
435 3010 515 3074 quse
537 2991 630 3055 terris
653 2992 775 3054 semota
796 3008 924 3086 smsque

99 3073 181 3140 Tem
225 3075 314 3140 ribus
336 3074 487 3140 defuneto
506 3073 607 3158 videt,
628 3072 756 3139 fastidit
777 3076 810 3138 et
831 3072 912 3157 odrt,

101 3158 156 3224 Sio
192 3161 284 3224 autor
304 3161 463 3243 veterum,
486 3161 524 3222 ut
543 3158 669 3223 tubulus
690 3179 822 3243 peecare
842 3160 988 3222 vetantes

100 3242 189 3318 Quas
211 3243 261 3309 bis
283 3243 423 3328 quinque
444 3242 505 3308 viri
527 3246 714 3326 sanxerunt,
736 3241 867 3307 foedera
885 3261 998 3326 regum

100 3325 165 3391 Vel
188 3326 299 3392 Gabiis
321 3328 373 3393 vel
394 3348 467 3392 oum
487 3326 599 3411 rigidis
621 3328 756 3411 aequate
778 3324 921 3408 Sabinis,
1033 3334 1069 3384 25

101 3409 297 3478 Pontificum
319 3411 434 3494 libros,
457 3431 579 3476 annosa
599 3410 762 3476 volumina
782 3411 892 3473 vatum

102 3493 241 3561 Dietitet
262 3496 391 3562 Albano
413 3494 523 3561 Muses
544 3495 579 3559 in
600 3498 709 3560 monte
731 3495 863 3560 locutas.
