2558 4022
110 170 198 284 rvi]
358 262 362 267 .
513 210 664 268 amasi
850 280 853 285 ¹
1017 204 1078 275 207

110 375 152 440 In
173 373 278 438 triviis
300 372 398 438 fixum
421 395 493 440 eum
516 395 550 438 se
571 372 711 438 demittit
732 372 774 439 ob
795 394 913 458 assem,

111 458 189 527 Non
203 457 312 523 video:
335 479 411 523 nam
425 459 480 543 qui
494 457 616 541 cupiet,
630 462 751 522 metuet
764 479 901 545 quoque3
924 479 1020 542 porro
1049 470 1081 521 55

113 543 174 619 Qui
197 545 343 607 metuens
365 543 464 625 vivet,
487 540 568 607 liber
588 541 669 606 mihi
689 563 757 607 non
778 542 839 607 erit
858 564 1018 627 umquam.

112 625 257 692 Perdidit
277 647 381 710 arma,
403 626 510 691 laeum
531 625 656 690 virtutis
679 625 832 710 deseruit,
854 628 911 712 qui

113 710 187 777 Sem
210 732 245 775 er
267 710 302 775 in
323 710 472 796 augenda
492 710 626 775 festinat
646 713 680 775 et
700 711 844 776 obruitur
864 733 921 776 re.v

112 732 259 860 Vendere
282 808 355 860 eum
376 794 482 879 possis
504 794 681 878 captiuum,
704 794 847 862 occidere
868 796 953 861 noli:-

113 879 237 945 Serviet
259 879 394 945 utiliter:
418 878 488 943 sine
509 882 620 962 paseat
641 879 737 943 durus
759 883 901 963 aretque,
1050 892 1083 942 70

112 964 253 1048 Naviget
274 983 311 1027 ae
332 962 446 1027 mediis
467 962 588 1028 hiemet
607 965 765 1027 mereator
785 964 820 1029 in
841 963 950 1047 undis,

114 1049 275 1112 Annonae
295 1048 414 1131 prosit,
434 1049 543 1144 portet
563 1047 724 1112 frumenta
743 1067 828 1132 penu
866 1069 916 1112 ue.

113 1131 172 1197 Vir
192 1132 297 1197 bonus
320 1133 353 1195 et
374 1152 500 1215 sapiens
522 1129 652 1196 audebit
672 1130 792 1196 dicere:
829 1135 838 1167 ‘
868 1131 986 1197 enthea

113 1215 235 1282 Reetor
256 1213 455 1299 Thebarum,
477 1215 553 1300 quid
574 1237 625 1280 me
646 1216 786 1300 perferre
806 1217 935 1300 patique

113 1300 290 1386 Indignum
301 1300 432 1386 eoges‘t'
455 1299 617 1365 ‘Adimam
631 1301 739 1365 bona)
758 1299 893 1385 ‘Nempe
907 1323 1004 1386 pecus
1010 1351 1020 1385 ,
1050 1315 1082 1364 75

717 1405 801 1468 rem,

11 1528 12 1549 q
112 1468 244 1553 Lectos,
268 1470 452 1554 argentum:
473 1469 569 1533 tollas
590 1468 687 1533 lieet’.
702 1505 745 1516 -
760 1468 812 1533 ‘In
832 1470 966 1535 manicis
988 1473 1021 1534 et

11 1556 13 1591 Γ
113 1552 332 1639 Compedibus
355 1572 448 1617 saevo
469 1555 502 1617 te
524 1553 584 1617 sub
606 1551 737 1618 custode
757 1553 897 1618 teneb0.'

11 1638 13 1711 }
113 1636 140 1702 ‘I
163 1660 198 1703 se
220 1636 314 1716 deus,
337 1636 528 1720 simulatque
542 1637 663 1717 volam,
686 1658 737 1702 me
752 1637 865 1703 solvet’
882 1636 1018 1721 Opinor‚
1103 1703 1104 1706 ,

11 1744 13 1833 ἰ
148 1743 187 1788 oe
211 1721 310 1787 sentit
331 1721 484 1790 ‘morian'
524 1720 613 1786 Mors
634 1721 749 1787 ultima
768 1721 854 1789 linea
874 1725 1018 1787 rerumst.

520 1895 672 1905 Μ

535 2012 649 2087 run.
1018 2071 1066 2146 χ

112 2143 279 2228 Quamvis,
296 2142 430 2228 Scaeva,
454 2142 531 2209 setis
545 2165 603 2227 per
617 2147 649 2208 te
663 2144 725 2209 tibi
739 2145 878 2210 consulis
894 2147 926 2208 et
940 2145 1001 2209 seis
1008 2194 1018 2227 ‚

11 2232 13 2237 ’
112 2227 183 2304 Quo
205 2228 337 2293 tandem
357 2231 452 2313 paeto
476 2227 586 2292 deeeat
607 2227 780 2293 maioribus
801 2229 863 2293 uti·

74 2312 81 2316 ”
111 2311 210 2377 Disce
214 2362 224 2396 ,
240 2311 400 2378 doeendus
416 2312 519 2377 adhue
533 2333 614 2395 quae
627 2314 738 2377 eenset
751 2279 905 2378 amieuius
912 2360 921 2395 ,
940 2315 977 2376 ut
992 2313 1018 2375 si

11 2416 12 2431 ¹
113 2395 236 2462 aneus
251 2396 312 2461 iter
326 2399 504 2463 monstrare
519 2396 611 2482 velit3
633 2399 742 2461 tamen
756 2396 896 2482 adspice,
915 2396 1019 2480 siquid

11 2546 12 2551 ,
111 2480 158 2546 Ei
177 2501 254 2564 nos,
277 2480 361 2565 quod
383 2502 473 2546 eures
494 2480 659 2565 proprium
681 2480 809 2566 fecisse,
832 2480 1007 2564 loquamur.
1065 2492 1081 2542 5

11 2588 12 2591 ’
113 2564 149 2630 Si
169 2567 202 2629 te
224 2568 316 2650 grata
337 2565 426 2649 quies
449 2567 481 2630 et
501 2564 638 2649 primam
660 2585 791 2630 somnus
812 2565 847 2631 in
867 2564 979 2629 horam

11 2680 13 2727 3
43 2646 49 2653 ’
112 2647 275 2732 Delectat,
299 2650 326 2715 si
347 2653 379 2733 te
400 2649 505 2734 pulvis
527 2650 740 2747 strepitusque
761 2652 917 2733 rotarum,

113 2731 148 2799 Si
170 2732 269 2799 laedit
291 2754 449 2817 caupone,
471 2732 678 2799 Ferentmum
699 2736 746 2799 ire
767 2734 899 2798 iubebo:
971 2735 975 2744 '

111 2816 198 2883 Nam
220 2839 324 2902 neque
346 2817 498 2882 divitibus
520 2817 714 2903 contingunt
733 2817 851 2902 gaudia
872 2817 963 2900 solis,

111 2900 183 2967 Nee
205 2902 285 2966 vixit
306 2902 406 2987 mele,
429 2902 483 2985 qui
504 2906 598 2966 natus
620 2902 822 2985 moriensque
842 2900 966 2966 fefellit
1050 2911 1085 2963 10

114 2985 157 3059 si,
171 2985 323 3070 prodesse
345 2987 410 3050 tuis
431 2985 603 3071 paulloque
625 2985 795 3071 benignius
816 2986 922 3069 ipsum

113 3068 159 3134 'Pe
180 3072 319 3135 tractare
341 3071 444 3153 10100,
467 3071 597 3135 aeaedes
620 3070 722 3136 siccus
744 3069 786 3134 ed
805 3072 947 3134 unctum,

113 3152 160 3218 ‘Si
204 3155 355 3219 randeret
377 3156 447 3218 olus
468 3154 641 3238 patienter,
663 3153 792 3239 regibus
812 3155 860 3218 uti

111 3176 227 3303 1101111
247 3238 455 3324 Aristippus?
499 3236 546 3304 ‘si
568 3239 662 3303 sciret
682 3260 717 3303 re
743 3239 811 3303 ‘bus
833 3238 880 3301 uti
886 3276 895 3321 5

112 3321 289 3388 Fastidiret
310 3323 397 3405 olus,
419 3323 474 3407 qui
494 3344 546 3387 me
567 3325 679 3387 notat'
743 3323 824 3387 trius
845 3321 961 3385 horum
1053 3332 1084 3383 15

112 3405 223 3471 Verba
244 3406 361 3490 probes
382 3409 415 3470 et
434 3407 520 3472 faeta
541 3406 634 3490 doce,
657 3406 708 3471 vel
728 3405 834 3471 iunior
855 3404 943 3488 audi,

112 3488 181 3556 Our
203 3491 247 3556 sit
267 3491 426 3576 Aristippi
446 3490 554 3575 potior
576 3489 932 3595 sententiasNamque

715 3614 736 3650 l
