2600 4026
502 197 611 252 LIBER
631 197 693 253 1111.

255 362 342 446 Sive,
365 382 445 446 quos
466 359 547 425 Eleu
568 359 697 424 domum
717 357 841 422 reducit

253 447 365 511 Palma
385 445 537 510 caelestes
557 442 739 528 pugilemve
761 462 914 539 equumve

253 529 343 595 Dicit
362 533 395 594 et
416 531 544 594 centum
564 527 690 611 potiore
711 526 813 611 sigms

300 614 433 678 Munere
455 612 568 695 donat,

254 782 369 848 metiti
391 802 529 866 sponsae
550 780 736 846 iuvenemve
757 782 884 864 ruptum

254 866 364 932 Plorat
385 870 418 931 et
438 866 522 931 vires
543 864 746 948 animumque
767 883 933 946 moresque

254 952 379 1017 Aureus
401 949 507 1015 educit
528 947 564 1014 in
584 951 670 1013 estro
690 947 847 1034 nigroque

300 1033 427 1099 Invidet
449 1032 542 1099 Orco.

158 1220 165 1227 ’
253 1202 357 1268 Multa
376 1200 548 1267 Dircaeum
568 1202 654 1267 levet
674 1222 750 1266 eure
772 1222 920 1285 cycnum,

254 1285 386 1369 Tendit,
408 1285 547 1369 Antoni,
570 1286 718 1369 quotiens
739 1285 774 1349 in
797 1286 879 1349 altos

254 1369 398 1437 Nubium
418 1372 548 1434 tructus.
591 1369 664 1455 Ego
686 1369 755 1452 apis
776 1368 918 1433 Matinae

300 1452 392 1519 More
412 1454 571 1537 modoque

256 1603 355 1670 Grato
376 1605 536 1689 carpentis
556 1603 668 1688 thyma
688 1626 746 1688 per
766 1605 909 1669 laborem

255 1689 432 1754 Plurimum
454 1690 539 1753 circa
558 1710 671 1754 nemus
692 1688 841 1773 uvidique

253 1773 381 1838 Tiburis
398 1772 488 1870 ‚ripas
511 1794 644 1857 operose
664 1794 781 1857 parvus

301 1856 451 1923 (larmme
471 1857 569 1942 fingo.

254 2009 412 2075 (loncines
433 2009 553 2073 maiore
574 2011 670 2093 poete
689 2010 811 2093 plectro

255 2091 437 2177 Gaesarem,
460 2093 649 2177 quandoque
669 2093 776 2158 trehet
796 2093 918 2159 feroces

253 2177 316 2242 Per
336 2198 461 2242 esurum
483 2178 598 2242 clivum
619 2177 734 2242 merita
755 2177 887 2243 decorus

300 2259 427 2326 Fronde
449 2259 658 2347 Sygambros3

253 2412 324 2488 Quo
345 2412 428 2477 nihil
449 2413 552 2477 maius
572 2413 725 2478 meliusve
746 2413 840 2478 terris

253 2495 334 2561 Fato
354 2495 510 2562 donavere
531 2497 671 2595 bonique
693 2497 759 2562 divi
1020 2566 1023 2572 Δ

251 2579 322 2646 Nec
344 2579 479 2665 dubunt,
501 2601 646 2679 quemue
666 2581 800 2647 redeunt
820 2582 855 2646 in
877 2603 987 2647 eurum

300 2663 457 2749 Tempore
476 2687 625 2750 pmscum.

253 2813 412 2882 Concines
433 2817 597 2901 laetosque
619 2817 688 2882 dies
709 2820 742 2882 et
762 2816 859 2882 Vrbis

251 2897 420 2965 Publicum
441 2901 551 2967 ludum
572 2923 668 2986 super
687 2902 847 2986 inpetrato

252 2981 360 3048 Fortis
380 2985 520 3070 Augusti
540 2985 645 3051 reditu
665 2985 832 3069 forumque

299 3065 424 3133 Litibus
446 3069 568 3135 orbum

153 3224 156 3228 ’
249 3216 334 3283 'lum
355 3241 445 3285 meee
481 3221 587 3370 sirffiid
608 3221 720 3306 loquer
740 3221 944 3304 audiendum,

250 3299 350 3367 Vocis
371 3268 500 3369 secedet
562 3327 606 3370 na
626 3327 716 3391 pars,
739 3308 772 3370 et
792 3311 824 3370 ‘o
840 3304 896 3370 Sol

250 3384 402 3470 Pulcher,
425 3409 444 3453 o
465 3389 651 3456 laudundel'
680 3411 792 3455 canem
811 3391 940 3472 recepto

298 3467 432 3536 (laesere
452 3472 539 3540 felir.
