2610 4028
187 230 249 297 114
589 235 738 293 EPODON

246 398 318 464 Nec
339 398 382 463 sit
401 399 531 483 marita,
554 421 635 483 quae
650 401 894 468 'rotundioribus

290 482 414 548 Onusta
434 483 522 548 bacis
544 484 693 549 ambulet.

184 580 216 630 15
248 567 330 645 Quid
352 567 437 651 quod
458 567 559 631 libelli
581 568 673 632 stoici
693 569 779 634 inter
801 569 919 635 sericos

288 651 395 716 lacere
415 651 566 735 pulvillos
588 653 718 717 amant?
1013 714 1014 717 ,

246 735 406 800 Inliterati
426 756 505 801 uum
525 737 629 822 magis
649 737 740 803 uerri
759 738 882 824 rigent,

287 820 435 885 Miuusvc
457 821 470 884 l
557 823 590 885 et
609 820 789 886 fascinum?

245 904 338 980 Quod
359 906 396 970 ut
417 924 512 988 super
575 926 728 988 provoces
750 906 791 971 ab
812 905 962 992 inguine,

180 1001 215 1051 ao
280 988 343 1054 Ore
365 988 648 1054 adlaborandumst
668 989 738 1055 tibi.
761 1015 764 1019 ’

586 1163 738 1174 ——n-n-

519 1279 717 1354 'VlHL

240 1410 374 1488 Quando
395 1415 559 1496 repostum
577 1409 758 1477 Caecubum
780 1412 822 1477 ad
842 1412 939 1477 festas
962 1413 1076 1499 dapes,

282 1494 412 1561 Victore
433 1497 535 1561 laetus
557 1494 706 1579 Caesare,

239 1579 357 1645 Tecum
379 1581 438 1645 sub
460 1581 526 1644 alta
538 1616 581 1629 -
596 1580 642 1644 sic
662 1579 733 1644 Iovi
753 1584 881 1666 gratum
893 1619 937 1630 -—
951 1581 1064 1666 domo,

280 1664 380 1729 Beate
400 1664 584 1747 Maecenas,
606 1663 715 1728 bibam

173 1760 190 1810 0
240 1747 382 1813 Souania
402 1749 537 1817 mixtum
556 1748 645 1812 tibiis
666 1769 795 1815 carmen
816 1749 899 1835 lyra,

279 1831 349 1897 Hac
370 1830 521 1917 Dorium,
543 1832 607 1896 illis
629 1832 821 1899 barbarum?

235 1915 282 1980 Vt
301 1937 418 2001 nuper,
442 1920 531 1982 actus
553 1938 625 1981 cum
646 1918 729 1982 freto
750 1917 932 2002 Neptunius

136 2054 137 2057 ,
277 1998 351 2064 Dux
372 1999 407 2064 fu
432 2000 457 2064 ‘t
478 2001 558 2065 ustis
579 2002 729 2085 navibus,

234 2084 376 2150 Minatus
429 2085 480 2150 rbi
500 2085 608 2150 vincla
644 2106 725 2170 qaae
747 2084 927 2155 detraxerat
1065 2163 1067 2169 Ι

173 2180 205 2230 10
276 2167 381 2234 Servis
404 2170 524 2234 amicus
545 2135 684 2253 perfidis.

233 2252 411 2350 Romanus²
433 2253 528 2337 eheu,
543 2255 722 2338 —posteri
742 2255 902 2340 negabitis
917 2292 961 2304 —

274 2337 504 2422 Emancrpatus
525 2337 676 2422 feminae,
817 2414 820 2417 ¹

230 2419 305 2486 Fert
325 2423 445 2486 vallum
467 2426 500 2487 et
520 2443 608 2486 arma
628 2423 720 2487 miles
742 2425 775 2487 et
796 2423 991 2507 spadonibus

276 2503 399 2570 Servire
420 2507 547 2590 rugosis
567 2509 688 2590 potest,

170 2600 201 2650 15
231 2587 380 2673 Interque
402 2590 496 2687 sigua
515 2593 608 2674 turpe
628 2591 781 2655 militaria

274 2671 331 2738 Sol
351 2672 488 2758 adsprcit
507 2676 687 2759 conopium.

230 2757 282 2822 Ad
303 2757 365 2823 hoc
386 2759 557 2824 frementes
578 2763 742 2824 verterunt
762 2759 811 2824 bis
833 2760 921 2825 mille
943 2781 1043 2845 equos

274 2841 373 2927 Galli,
397 2846 546 2909 canentes
569 2842 752 2927 Gaesarem,

229 2925 466 3011 Hostiliumque
486 2929 616 2992 navium
637 2931 733 3013 portu
755 2927 857 2993 latent

2 3013 98 3031 “⁸“
164 3023 199 3072 20
272 3009 399 3106 Puppes
420 3012 637 3077 sinistrorsum
658 3014 749 3078 citae.

228 3093 264 3157 Io
286 3093 463 3179 triumphe,
484 3099 520 3159 tu
541 3097 674 3161 moraris
696 3117 809 3162 aureos

270 3175 388 3242 Currus
411 3182 443 3244 et
462 3181 600 3245 intactas
621 3181 741 3246 boves?

226 3260 263 3325 Io
284 3262 459 3347 triumphe,
481 3286 541 3329 nec
562 3264 753 3350 Iugurthino
775 3288 885 3351 parem

269 3344 361 3411 Bello
382 3349 553 3444 reportasti
575 3348 703 3432 ducem,

162 3442 195 3491 25
227 3428 339 3579 Negue
360 3431 564 3513 Afnoanum,
586 3433 637 3497 cui
658 3456 753 3520 super
775 3434 1004 3520 Carthaginem

299 3514 379 3577 irtus
401 3515 580 3598 sepulcrum
602 3517 757 3584 condidit!
