2558 4022
34 3294 53 3399 ,

185 167 250 234 216
537 170 794 229 nrrsrvmavu
944 156 951 165 “
1093 173 1222 257 p„

251 334 301 418 Si,
324 334 397 418 quia
419 331 589 399 Graiorum
610 337 686 398 sunt
707 331 928 417 antiquissima
948 355 1092 419 quaeque

252 418 378 502 Scripta
398 418 450 482 vel
471 418 607 502 optima,
629 418 766 482 Romani
786 422 962 502 pensantur
984 419 1095 484 eadem
1232 479 1233 482 ,

187 516 222 567 10
253 502 431 587 Scriptores
444 502 580 586 trutina,
602 505 733 567 nonest
750 501 950 585 quodmulta
970 503 1151 587 loquamur:
1224 534 1225 561 ;

251 586 309 653 Nil
329 587 444 652 intrast
464 586 550 670 olea,
571 586 619 650 nil
640 588 760 650 extrast
780 587 815 650 in
835 607 916 651 nuce
939 586 1023 671 duri3

251 670 406 736 Venimus
428 670 470 734 ad
489 692 648 735 summum
669 670 830 753 fortunae,
852 670 1014 757 pingimus
1036 675 1131 755 atque

250 755 421 825 Psallimus
443 758 476 820 et
496 755 653 821 luctamur
673 753 806 819 Achivis
828 753 952 820 doctius
973 756 1088 821 unctis.
1116 774 1118 781 ’
1223 768 1232 801 r

253 839 287 904 Si
308 840 442 905 meliora
463 838 546 922 dies,
568 841 605 903 nt
624 838 716 922 rina,
737 841 886 923 poemata
906 838 1025 923 reddit,

186 937 222 988 aa
255 924 343 990 Scire
357 924 463 1007 velim,
482 923 600 989 chartis
613 923 752 1009 pretium
766 927 882 1007 quotus
897 925 1025 1008 arroget
1039 944 1151 989 annus.
1233 933 1241 985 .’

252 1008 322 1076 Scri
344 1012 396 1072 tor
417 1006 534 1072 abhinc
556 1028 657 1072 annos
680 1010 807 1073 centum
832 1007 887 1091 qui
909 1007 1040 1092 decidit,
1070 1009 1153 1073 inter

251 1093 297 1158 Pe
328 1095 415 1158 ectos
436 1095 619 1176 veteresque
641 1091 754 1156 referri
775 1091 870 1157 debet
891 1113 934 1155 an
954 1092 1038 1156 inter

252 1176 343 1242 Viles
365 1179 460 1259 atque
481 1175 604 1240 novos?
638 1175 790 1241 Excludat
811 1176 915 1261 iurgia
934 1175 1023 1241 finisl

252 1261 325 1325 ‘Est
334 1264 424 1325 vetus
435 1263 530 1346 atque
543 1259 673 1345 probus,
689 1263 816 1326 centum
827 1261 883 1344 qui
892 1260 1017 1344 perficit
1026 1266 1153 1326 annos?

187 1359 223 1409 40
254 1344 359 1422 Quid?
382 1345 436 1429 qui
458 1344 594 1430 deperiit
614 1345 719 1410 minor
739 1366 805 1409 uno
826 1366 936 1410 mense
956 1345 1008 1410 vel
1028 1367 1131 1428 anno,
1242 1345 1243 1350 ’

252 1430 442 1514 Inter'quos
463 1430 647 1497 referendus
670 1427 750 1495 erit?
772 1432 936 1496 veteresne
957 1432 1084 1513 poetas,
1241 1476 1242 1479 κ

252 1518 305 1581 An
326 1536 405 1600 quos
428 1517 460 1580 et
480 1536 630 1599 praesens
652 1517 685 1579 et
704 1517 833 1598 postera
853 1517 983 1661 respuat
1003 1514 1115 1580 aetas?

252 1599 331 1665 ‘Iste
353 1598 481 1683 quidem
503 1601 624 1664 veteres
645 1598 729 1662 inter
750 1602 888 1683 ponetur
931 1602 1058 1682 onesta,

253 1684 315 1761 Qui
335 1684 387 1748 rel
407 1704 516 1748 mense
537 1682 627 1747 brevi
647 1683 699 1748 vel
720 1685 822 1748 totost
842 1682 948 1747 iunior
968 1689 1076 1747 anno?

187 1781 222 1831 45
253 1766 338 1832 Vtor
357 1767 528 1850 permisso,
551 1765 730 1850 caudaeque
751 1766 835 1851 pilos
856 1770 893 1831 ut
913 1767 1047 1850 equinae

251 1850 424 1917 Paullatim
450 1850 549 1935 vello,
578 1854 611 1915 et
636 1851 729 1916 demo
755 1872 870 1934 unum,
899 1850 991 1917 demo
1017 1851 1153 1917 etitem
1264 1914 1265 1945 ,

252 2020 339 2087 Dum
362 2020 454 2086 cadat
475 2021 581 2085 elusus
602 2020 728 2118 ratione
749 1957 1021 2117 mddnudlicervi„
1079 2105 1086 2118 .

253 2105 315 2182 Qui
335 2106 418 2170 redit
439 2105 474 2169 in
494 2105 596 2170 fastos
618 2107 651 2170 et
671 2107 821 2170 vntutem
843 2108 992 2170 aestumat
1011 2126 1105 2173 anms

252 2189 449 2275 Miraturque
470 2189 566 2273 nihil,
588 2190 651 2255 nisi
673 2188 758 2337 quod
779 2189 922 2255 Libitina
944 2189 1088 2255 sacrarit

187 2287 223 2338 50
253 2273 394 2358 Ennius,
417 2278 451 2340 et
471 2274 598 2359 sapiens
619 2277 653 2339 et
687 2274 765 2338 ortis
787 2277 820 2339 et
840 2275 920 2342 alter
941 2273 1118 2356 Homerus,

252 2358 298 2423 Vt
320 2359 421 2424 critici
443 2359 569 2443 dicunt,
591 2359 704 2424 leviter
725 2379 835 2424 curare
856 2358 994 2442 videtur,

253 2442 323 2519 Quo
345 2442 503 2540 promissa
525 2442 639 2508 cadant
660 2446 692 2508 et
713 2444 838 2510 somnia
858 2442 1071 2528 Pythagorea.

123 2580 129 2599 ,
251 2525 392 2593 Naeuus
413 2548 448 2590 m
475 2526 622 2592 manibus
644 2548 711 2593 non
732 2530 835 2593 estet
860 2528 1020 2593 mentibus
1042 2527 1155 2593 haeret

252 2610 357 2675 Paene
370 2611 503 2675 recens?
527 2610 606 2675 adeo
621 2613 798 2676 sanctumst
812 2614 903 2677 retus
918 2633 1012 2677 omne
1026 2632 1153 2695 poema.

187 2709 222 2760 no
254 2694 439 2794 Ambigitur
460 2695 622 2779 quotiens,
644 2698 716 2760 uter
736 2698 808 2761 utro
830 2696 873 2761 sit
893 2696 995 2780 prior,
1018 2696 1123 2761 aufert

251 2779 408 2844 Pacuvrus
430 2780 517 2846 docti
537 2780 657 2846 famam
678 2780 778 2862 senis,
797 2780 906 2845 Attius
928 2780 1000 2863 alti,
1209 2799 1212 2803 ’

251 2864 377 2929 Dicitur
399 2864 515 2930 Afrani
535 2869 569 2929 to

251 2947 384 3013 Plautus
406 2949 447 3012 ad
468 2886 630 3033 exempldr
644 2948 744 3015 Siculi
763 2970 933 3034 properare
954 2947 1155 3033 Epicharmi,

251 3030 389 3096 Vincere
412 3029 568 3097 Caecilius
589 3033 762 3118 gravitate,
785 3032 951 3099 Terentius
973 3035 1052 3098 arte.

186 3130 222 3179 oo
251 3114 321 3180 Hos
343 3114 456 3181 ediscit
477 3119 510 3181 et
529 3115 590 3180 hos
611 3120 680 3183 arto
702 3118 743 3182 sti
766 3122 820 3183 ata
840 3118 965 3183 theatro

252 3199 384 3285 Spectat
390 3199 494 3265 Roma
507 3204 631 3285 potens,
646 3140 810 3267 habetlros
820 3205 1029 3286 numeratque
1039 3204 1154 3286 poetas

249 3284 304 3349 Ad
324 3289 469 3350 nostrum
490 3289 616 3369 tempus
637 3284 708 3350 Livi
730 3287 893 3372 scriptoris
911 3286 956 3351 ab
977 3306 1065 3351 aevo.

250 3367 416 3434 Interdum
435 3370 551 3455 volgus
572 3372 694 3434 rectum
715 3370 814 3457 videt3
838 3375 887 3436 est
907 3369 963 3434 ubi
986 3372 1109 3454 peccat.

251 3451 286 3517 si
308 3457 430 3518 veteres
451 3455 496 3519 ita
517 3453 650 3519 miratur
670 3454 841 3539 laudatque
862 3458 987 3540 poetas,

635 2866 821 2931 convenisse
843 2863 1034 2948 Menandro,
