2610 4028
12 294 13 325 ζ
135 227 183 302 u]
248 176 254 178 ἡ
538 224 645 281 cissa
663 225 713 301 1.⁴
938 310 941 319 Ι
1041 217 1101 282 141

12 440 15 503 ;
138 389 301 458 Sarmenti
321 387 452 454 domina
472 391 589 454 exstat:
613 389 654 452 ab
674 386 726 452 his
747 387 920 453 maioribus
943 386 1006 451 orti
1069 397 1101 448 oo

138 475 192 541 Ad
212 495 356 559 pugnam
373 494 496 538 venere.
539 471 633 537 Prior
653 470 839 537 Sarmentus
861 469 947 555 ‘equi
967 473 1000 536 te

138 559 221 625 Esse
242 558 303 622 fari
325 558 462 622 similem
483 557 577 622 dico)
621 555 789 640 uidemus,
813 555 935 640 etipse

139 643 278 708 Messius
294 642 454 726 ‘accipio,'
476 644 572 725 caput
591 644 624 706 et
642 643 758 705 movet.
795 638 850 722 ³0,
861 641 929 703 -tua
943 659 1042 703 cornu

139 727 184 792 Ni
204 726 291 791 foret
305 728 431 793 exsecto
453 724 570 808 frons,'
585 725 690 809 inquit
705 723 794 808 ‘quid
810 723 946 806 faceres,
969 744 1041 789 cum

140 812 193 878 sio
214 810 347 874 mutilus
367 808 561 874 mmaasa
604 809 719 873 111111
740 806 835 873 foeda
856 807 986 872 oratrix
1070 819 1104 869 00
1228 758 1241 779 ‘⁸

141 895 289 962 Setosam
309 893 393 958 laari
413 893 553 958 frontem
573 896 757 976 turpaverat
777 891 852 957 oris.

141 979 341 1063 Campanum
351 978 386 1042 in
395 977 552 1061 morbum,
567 976 726 1041 infaciem
739 976 898 1061 permulta
909 975 1041 1058 iocatus,

140 1063 308 1129 Pastorem
329 1062 461 1128 saltaret
479 1062 528 1126 uti
550 1059 691 1145 Cyclopa
711 1060 862 1146 rogabat:
937 1118 939 1121 .

140 1149 199 1214 Nil
219 1148 269 1211 illi
289 1147 377 1211 larva
398 1149 454 1212 aut
472 1146 604 1231 tragicis
627 1166 707 1230 opus
728 1167 797 1210 esse
818 1143 993 1211 cothurnis.

141 1231 247 1297 Multa
261 1229 401 1297 Cicirrus
423 1229 577 1297 adhaec:
599 1229 750 1295 donasset
769 1230 875 1295 iamne
896 1232 1040 1294 catenam
1072 1239 1105 1290 oo

141 1315 191 1381 Ex
212 1318 289 1380 voto
311 1313 459 1398 Laribus,
482 1313 667 1399 quaerebat3
691 1313 794 1378 scriba
837 1313 901 1378 uod
923 1316 1021 1398 esset,

140 1400 219 1466 Nilo
243 1399 380 1465 deterius
402 1399 550 1463 dominae
570 1399 622 1463 ius
642 1419 726 1464 esse:
753 1400 889 1482 rogant

142 1484 304 1568 Denique,
327 1504 383 1547 cnr
402 1504 554 1566 umquam
574 1483 725 1568 fugisset,
747 1482 799 1546 cui
819 1482 897 1546 satis
917 1502 983 1545 una

142 1568 251 1635 Farris
272 1566 354 1632 libra
374 1568 474 1650 forst,
496 1567 609 1652 gracili
631 1567 677 1631 sic
697 1570 826 1650 tamque
850 1565 979 1649 pusillo.

142 1651 277 1717 Prorsus
299 1651 436 1716 iucunde
457 1672 568 1716 cenam
589 1650 792 1735 producimus
814 1650 914 1714 illam.
1074 1661 1107 1713 70

143 1736 317 1802 Tendimus
325 1735 402 1800 hinc
412 1738 499 1800 recta
506 1733 734 1818 Beneventum,
744 1734 801 1801 ubi
810 1734 937 1800 sedulus
947 1733 1065 1817 hospes

142 1820 250 1886 Paene
270 1841 394 1886 macros
416 1820 509 1902 arsit,
532 1819 608 1884 dum
628 1819 739 1885 turdos
760 1821 867 1884 versat
887 1819 923 1882 in
935 1818 1029 1915 igni:

12 1966 14 1979 ξ
142 1905 230 1970 Nam
250 1926 332 1990 vaga
352 1925 410 1989 por
430 1907 570 1969 veterem
591 1904 714 1988 dilapso
736 1904 865 1968 flamma
886 1903 1025 1969 culinam

12 1986 14 2011 ¹
143 1989 290 2054 Volcano
312 2010 471 2054 summum
491 1988 683 2073 properabat
703 1988 843 2052 lambere
863 1990 992 2052 tectum.

12 2110 13 2119 ¹
146 2073 306 2141 Convivas
328 2072 438 2137 aridos
461 2094 572 2137 cenam
594 2093 764 2156 servosque
789 2073 939 2136 timentes
1077 2083 1109 2133 ⁷5

12 2148 14 2175 ³
143 2157 228 2223 Tum
240 2179 352 2241 rapere
366 2160 460 2241 atque
475 2178 586 2221 omnes
606 2156 804 2241 restinguere
817 2155 899 2220 velle
913 2154 1045 2219 videres.

12 2298 13 2301 ,
143 2241 265 2327 Incipit
286 2262 326 2306 ex
346 2240 403 2306 illo
424 2244 551 2305 montes
572 2240 693 2324 Apulia
713 2242 808 2304 notos

145 2326 315 2392 Ostentare
336 2325 431 2408 mihi,
453 2346 532 2409 quos
553 2327 656 2388 torret
675 2322 834 2388 Atabulus
856 2326 890 2388 et
911 2344 991 2405 quos

143 2410 329 2494 Numquam
351 2430 547 2494 crememus,
575 2408 638 2472 nisi
659 2430 719 2473 nos
740 2408 846 2472 vicina
866 2406 984 2470 Trivici

12 2544 14 2577 3,
143 2493 233 2560 Villa
255 2494 428 2578 recepisset
447 2493 617 2557 lacrimoso
638 2514 705 2557 non
727 2493 796 2557 sine
816 2491 931 2575 fumo,
1076 2503 1111 2552 80

143 2578 234 2644 Vdos
257 2599 330 2643 oum
349 2577 437 2642 foliis
459 2598 566 2641 ramos
587 2580 699 2642 urente
720 2577 855 2642 camino,

143 2662 208 2728 Hic
230 2683 291 2759 ego
313 2662 499 2726 mendacem
521 2661 727 2727 stultissimus
748 2682 848 2746 usque
869 2661 1010 2745 puellam

12 2760 14 2823 ᾗ
144 2747 197 2811 Ad
207 2746 347 2811 mediam
357 2749 485 2811 noctem
495 2750 658 2832 exspect03
674 2768 804 2811 somnus
819 2749 928 2810 tamen
942 2746 1046 2808 autort

12 2854 13 2857 ¹
144 2830 311 2896 intentum
331 2831 454 2896 reneri:
476 2834 546 2895 tum
567 2831 721 2895 inmundo
742 2830 868 2895 somnia
888 2829 959 2893 visu

144 2914 479 2981 Noctmnamvestem
493 2916 657 2980 maculant
670 2917 813 2979 ventrem
835 2934 874 2979 ue
886 2913 1043 2997 supinum.
1077 2924 1110 2973 85

12 3010 13 3013 ’
145 2999 303 3076 Quattuor
323 2999 400 3067 hino
421 3000 566 3084 rapimur
586 3000 702 3085 viginti
724 3002 757 3063 et
813 2999 866 3061 ''a
886 2996 1006 3081 raedis,

144 3083 291 3149 Mansuri
313 3104 332 3148 o
355 3083 480 3167 pidulo,
503 3083 588 3167 quod
609 3105 703 3149 versu
724 3082 828 3147 dicere
850 3085 1003 3166 nonest,

145 3167 255 3253 Signis
276 3189 317 3252 pe
348 3168 472 3233 aeilest:
502 3168 591 3232 venit
611 3168 767 3233 vilissima
787 3189 894 3232 rerum

12 3276 14 3301 >
144 3249 208 3317 Hic
221 3273 329 3350 taqua,
352 3251 407 3316 sed
428 3252 521 3336 panis
542 3251 639 3349 longe
660 3251 906 3336 pulcherrimus,
928 3250 1013 3314 ultra

12 3360 13 3419 j
145 3335 291 3403 Callidus
312 3339 349 3400 ut
370 3337 472 3401 soleat
492 3336 632 3401 humeris
653 3339 780 3420 portare
802 3337 913 3400 viator.
1077 3347 1112 3396 90

12 3430 14 3477 4
144 3419 229 3486 Nam
251 3419 372 3487 Canusi
394 3421 569 3505 lapidosus,
593 3442 691 3505 aquae
713 3442 780 3485 non
801 3420 895 3483 ditior
915 3438 997 3483 urna

145 3502 206 3580 Qui
227 3505 317 3571 locus
339 3527 358 3570 a
379 3504 457 3570 forti
477 3504 665 3571 Diomedest
685 3504 831 3569 conditus
853 3502 939 3569 olim.
