2558 4022
191 233 256 300 220
546 234 804 293 apramonus
1125 237 1160 310 p.
1271 300 1272 345 ᾖ

255 485 356 562 Quem
377 484 453 549 tulit
474 484 514 549 ad
536 504 683 549 scaenam
705 485 838 548 ventoso
861 480 972 547 Gloria
993 503 1104 568 curru,

253 568 426 635 Exanimat
447 569 552 634 lentus
574 570 747 653 spectator,
771 566 898 631 sedulus
919 566 1026 632 inflat:

254 652 307 719 Sic
318 655 397 737 leve,
407 654 454 718 sic
466 656 640 738 parvumst,
656 652 798 716 animum
810 649 895 735 quod
909 651 1015 716 laudis
1025 673 1158 717 uvarum
1271 702 1272 729 ,

191 750 241 800 180
255 737 387 804 Subruit
407 742 463 802 aut
482 738 593 802 reficit.
636 735 751 801 Valeat
772 756 822 799 res
844 734 981 800 ludicra:
1004 736 1034 801 si
1054 757 1108 801 me

252 822 365 887 Palma
384 825 504 907 negata
528 842 685 904 macrum,
714 820 832 887 donata
856 818 979 884 reducit
1000 820 1157 904 opimum.

253 904 355 991 Saepe
369 907 466 971 etiam
480 907 631 971 audacem
645 905 738 1002 fugat
750 904 813 970 hoc
833 906 993 989 terretque
1013 908 1155 989 poetam,

254 990 347 1067 Quod
367 1012 500 1056 numero
521 991 643 1074 plureS,
667 992 784 1054 virtute
801 992 834 1053 ct
854 986 975 1055 honore
996 988 1156 1072 minores,

253 1074 380 1140 Indocti
401 1074 570 1159 stolidique
592 1076 625 1138 et
646 1072 829 1222 depugnare
850 1072 968 1156 parati,

191 1171 240 1222 185
255 1158 290 1224 Si
312 1158 472 1223 discordet
492 1178 603 1242 eques,
625 1179 676 1222 me
702 1158 731 1222 'a
750 1158 835 1221 inter
855 1157 996 1221 carmina
1014 1161 1158 1241 poscunt

253 1244 321 1307 Aut
334 1263 443 1307 ursum
457 1246 513 1307 aut
526 1242 666 1328 pugiles:
681 1241 731 1306 his
745 1262 822 1306 nam
845 1240 1011 1339 plebecula
1067 1241 1155 1306 udet.

193 1388 196 1393 Α
252 1325 373 1392 Verum
406 1326 521 1411 equitis
559 1347 684 1410 quoque
722 1325 786 1390 iam
817 1326 968 1474 npgrtquit
1003 1347 1022 1391 a
1078 1347 1157 1391 aure

797 1430 837 1474 vo
850 1431 871 1473 u

255 401 406 484 Securus,
429 399 522 466 cadat
543 421 584 464 an
602 400 689 464 recto
712 401 775 463 stet
795 397 904 463 fabula
924 397 1002 464 talo.

254 1494 367 1560 Omnis
388 1495 429 1560 ad
449 1496 590 1560 incertos
611 1495 720 1560 oculos
743 1497 776 1559 et
796 1515 860 1579 gau
884 1495 914 1558 ‘a
933 1515 1024 1560 vana.

253 1578 410 1654 Quattuor
431 1583 487 1644 aut
507 1580 615 1663 plures
636 1580 746 1644 aulaea
769 1580 956 1663 premuntur
983 1579 1018 1642 in
1045 1578 1154 1664 horas,

190 1675 240 1725 100
253 1661 340 1728 Dum
353 1664 388 1728 fu
414 1664 483 1728 'unt
493 1665 635 1748 equitum
645 1667 768 1729 tirmae
779 1663 982 1748 peditumque
991 1665 1153 1749 catervae3

252 1746 329 1811 Mox
426 1748 488 1813 ‘tur
507 1747 654 1812 manibus
675 1770 692 1812 r
808 1748 937 1812 fortuna
957 1748 1103 1830 retortis,

250 1829 374 1895 Beseda
394 1832 564 1915 festinant,
585 1833 722 1916 pilenta,
742 1832 910 1916 petorrita,
931 1851 1045 1914 naves,

252 1911 421 1998 Captivum
442 1919 589 2000 portatur
610 1916 702 1999 ebur,
725 1916 850 2000 captiva
871 1913 1054 1980 Corinthus.
1271 1920 1272 1985 l

252 1996 286 2062 si
307 1998 392 2063 foret
412 1998 447 2063 in
468 2000 578 2084 terris,
599 2001 718 2065 rideret
737 1998 940 2064 Democritus
946 2047 956 2081 ,
978 2019 1034 2064 sen

188 2095 237 2145 ret
252 2080 421 2148 Diversum
442 2084 576 2150 confusa
596 2104 698 2169 genus
719 2082 875 2168 panthera
895 2083 1017 2148 camelo

251 2165 325 2233 Sive
347 2166 476 2252 elephas
497 2168 588 2233 albus
609 2168 698 2265 volgi
720 2171 918 2233 converteret
938 2188 1007 2251 ora3

249 2249 417 2399 {pectaret
435 2252 589 2336 populum
611 2251 695 2316 ludis
716 2253 869 2318 attentius
890 2252 984 2337 ipsis,

280 2338 295 2399 t
316 2335 378 2401 sibi
397 2336 603 2420 praebentem
624 2336 725 2400 nimio
746 2337 927 2420 spectatula
969 2336 1052 2418 lura,

249 2417 427 2503 Scriptores
449 2423 555 2485 autem
576 2441 706 2485 narrare
726 2423 855 2505 putaret
875 2359 974 2486 aselid

106 2581 112 2590 ἡ
185 2515 236 2565 200
250 2502 415 2568 Fabellam
436 2504 541 2568 surdo.
584 2504 670 2570 Nam
691 2525 771 2588 quae
792 2506 975 2589 pervincere
996 2525 1091 2569 voces

248 2585 404 2651 Evaluere
425 2608 554 2670 sonum,
580 2588 724 2653 referunt
750 2610 844 2673 quem
864 2591 976 2653 nostra
998 2587 1151 2654 flieatra'?

249 2668 433 2756 Garganum
446 2672 571 2757 mugire
590 2676 683 2756 putes
702 2693 815 2737 nemus
829 2676 884 2738 aut
896 2692 984 2737 mare
998 2671 1150 2757 Tuscum,

248 2753 353 2819 Tanto
374 2776 447 2820 cum
469 2757 603 2840 strepitu
624 2756 692 2821 ludi
713 2760 898 2853 spectantur
919 2760 952 2821 et
971 2760 1057 2821 artes

248 2836 449 2924 Divitiaeque
469 2841 670 2926 peregrinae,
693 2840 806 2924 qmbus
828 2841 946 2907 oblitus
967 2841 1057 2905 actor

183 2934 234 2985 200
249 2919 330 2987 (lum
352 2925 442 2989 stetit
462 2925 497 2988 in
519 2946 646 3007 scaena,
673 2925 834 2990 concurrit
854 2924 984 2990 dextera
1005 2924 1125 2990 laevae.

246 3004 337 3070 Dixit
350 3006 454 3073 adhuc
468 3008 609 3092 aliquid?
641 3006 698 3074 Nil
713 3030 799 3075 sane.
826 3007 909 3086 Quid
922 3009 1030 3092 placet
1043 3008 1148 3094 ergo?

245 3088 335 3155 Lana
355 3090 529 3157 Tarentino
550 3093 651 3157 violas
672 3093 797 3158 imitata
817 3113 948 3158 veneno.

245 3174 294 3238 Ac
316 3195 357 3239 ne
377 3175 461 3241 forte
481 3180 574 3261 putes
594 3198 662 3261 me,
684 3198 764 3261 quae
784 3177 889 3242 facere
908 3178 977 3274 ipse
990 3197 1148 3260 recusem,

246 3256 328 3323 Cum
348 3263 433 3325 recte
454 3263 594 3325 tractent
614 3261 682 3343 alii,
705 3261 833 3327 laudare
854 3261 1011 3346 maligne:

181 3340 306 3407 2101110
326 3365 384 3426 per
404 3347 568 3409 extentum
587 3344 697 3410 funem
718 3344 799 3410 mihi
820 3366 915 3430 posse
934 3344 1060 3410 videtur

246 3425 296 3490 Ire
316 3430 424 3512 poeta,
445 3449 551 3492 meum
567 3428 628 3575 fqui
648 3432 759 3514 pectus
781 3429 919 3495 inaniter
940 3429 1044 3514 augit,

243 3508 377 3594 Inritat,
398 3513 531 3605 mulcet,
552 3510 571 3575 f
599 3513 643 3577 sis
664 3512 838 3578 terroribus
860 3513 976 3597 inplet,
