2558 4022
125 238 198 311 vm]
537 236 645 295 mana
665 239 687 297 1.
1029 235 1088 301 197

124 394 269 467 Tandem
290 396 461 465 dormitum
483 398 662 466 dimittitur.
705 400 770 467 Hic
790 401 846 469 ubi
867 422 962 489 saepe

124 483 295 550 Occultum
315 482 403 549 visus
425 483 590 551 decurrere
611 485 710 569 piscis
731 485 773 550 ad
793 485 938 572 hamum,

123 567 222 633 Mane
244 566 344 634 cliens
366 569 399 632 et
419 567 483 633 iam
504 571 608 637 certus
631 568 777 655 convive,
802 571 929 637 iubetur
1055 583 1089 635 ut

117 651 212 718 Rura
232 649 415 717 suburbana
435 651 565 719 indictis
587 673 697 721 comes
714 653 762 719 ire
782 653 921 721 Ietinis:

122 735 287 821 Inpositus
308 736 435 801 manni·
457 757 568 804 arvum
588 738 773 822 caelumque
795 737 949 805 Sabinum

122 819 202 887 Non
223 821 327 886 cessat
347 819 484 887 laudare.
527 819 626 887 Videt
645 821 790 907 ridetquc
810 822 992 908 Philippus,

121 904 168 971 Et
182 904 244 969 sibi
265 903 341 969 dum
354 903 512 989 requiem,
535 905 611 973 dum
630 906 712 972 risus
725 905 866 992 undique
887 908 1023 992 quaerit,

122 987 210 1053 Dum
232 991 355 1086 septem
377 985 477 1057 donat
498 990 658 1073 samma,
680 994 790 1056 mutua
812 995 934 1075 septem
1054 1005 1089 1055 so

122 1071 303 1157 Promittt,
463 1073 564 1139 etuti
585 1078 743 1140 mercetur
764 1076 913 1162 agellum.

122 1155 292 1222 Mereatur.
370 1179 387 1220 e
408 1161 442 1223 te
463 1157 571 1245 longis
593 1159 782 1245 ambagibus
802 1161 889 1225 ultra

123 1240 227 1318 Quam
242 1241 321 1305 satis
343 1244 392 1306 est
405 1262 525 1308 morer:
543 1264 583 1307 ex
596 1243 700 1309 nitido
714 1244 752 1308 fit
769 1244 906 1310 mutiens
928 1248 1024 1329 atque

123 1323 237 1391 Sulcos
259 1328 292 1391 et
312 1324 422 1390 vineta
442 1330 551 1410 crepat
571 1348 673 1412 mera,
694 1332 864 1412 praeparat
884 1329 1008 1413 ulmos,

121 1408 298 1474 Inmeritur
319 1409 433 1475 studiis
454 1413 487 1474 et
508 1431 614 1475 amore
636 1412 773 1477 senescit
793 1412 940 1477 habendi.
1053 1426 1086 1477 st

121 1492 244 1560 Verum
264 1493 320 1557 ubi
342 1514 417 1558 oves
437 1494 524 1559 furto
529 1544 539 1577 ,
560 1495 673 1560 morbo
695 1496 816 1580 periere
839 1497 994 1581 capellae,

123 1576 221 1662 Spem
241 1577 379 1643 mentite
399 1599 506 1665 seges,
528 1578 587 1643 bos
610 1582 659 1646 est
679 1584 809 1645 enectus
832 1581 967 1666 arando;

124 1661 273 1727 Offensus
294 1661 420 1733 damnis
440 1662 546 1729 media
568 1663 607 1728 de
628 1667 723 1729 nocte
744 1665 903 1730 caballum
988 1730 990 1735 .

122 1746 248 1830 Arripit
268 1745 431 1829 iratusque
451 1745 595 1832 Philippi
616 1748 720 1814 tendit
741 1749 782 1814 od
803 1749 906 1816 aedes.
1039 1814 1043 1821 .

124 1827 226 1905 Quem
247 1831 343 1895 simul
364 1829 511 1915 adspexit
531 1831 679 1907 scabrum
699 1832 925 1981 ingentemque
945 1833 1020 1900 Phi·
1052 1847 1087 1898 eo

799 1939 836 1983 us

124 1997 254 2063 ‘Durus’
277 1998 322 2063 ait
343 1998 479 2083 ‘vulcat
500 1999 597 2065 nimis
618 1940 822 2085 sanccita
842 1964 959 2069 'videris

123 2080 204 2147 Esse
217 2081 318 2147 mihi?
349 2082 434 2166 ‘Pol,
456 2104 508 2149 me
524 2084 690 2167 miserum,
712 2088 862 2169 patrone,
876 2107 1022 2170 vocares,

124 2165 159 2231 Si
180 2166 291 2231 velles'
313 2165 349 2233 in
370 2168 419 2232 uit
441 2175 563 2233 ‘verum
582 2167 662 2233 milri
683 2189 804 2252 ponere
823 2190 951 2235 nomen.

124 2248 217 2326 Quod
237 2252 271 2314 te
286 2187 406 2336 pertis
432 2251 495 2319 ‘nm
517 2251 721 2334 daremque
735 2252 873 2338 deosque
886 2253 1022 2320 Penates

125 2332 265 2399 Obsecro
288 2337 321 2401 et
342 2335 499 2420 obtestor,
521 2335 606 2400 vitae
626 2357 679 2403 me
699 2335 795 2401 redde
817 2337 945 2421 prioril’
1051 2352 1085 2402 aa

125 2416 186 2494 Qui
208 2418 306 2485 semel
328 2418 486 2504 adspexit,
491 2423 664 2571 equantum
686 2418 816 2487 dimissa
858 2421 945 2518 ¹clitis

123 2499 307 2586 Praestent,
328 2506 490 2569 maturer
531 2506 583 2571 eat
603 2507 787 2589 repetatque
807 2527 843 2570 re
868 2509 927 2571 cta.

123 2583 232 2651 Metiri
252 2607 287 2651 se
308 2607 465 2673 quemque
485 2608 543 2654 suo
564 2588 694 2654 modulo
709 2609 747 2655 ac
767 2590 849 2676 pede
870 2594 1021 2657 verumst.

569 2763 680 2770 ...ῃ-,ο-

554 2878 654 2954 VIH.

5 3036 6 3051 2
123 3005 217 3072 Celso
238 3006 377 3091 gaudere
398 3010 432 3072 et
451 3009 532 3074 bene
553 3030 621 3074 rem
642 3031 753 3097 gerere
774 3011 978 3077 Albinovano

5 3096 7 3171 g
122 3087 216 3154 Musa
236 3093 351 3175 rogata
371 3092 470 3176 refer,
493 3094 602 3158 comiti
624 3094 807 3180 scribaeque
828 3095 977 3161 Neronis.

123 3171 157 3239 Si
168 3177 299 3257 quaeret
308 3175 385 3258 quid
395 3197 499 3262 agam,
508 3176 559 3243 dic
568 3179 670 3245 multa
681 3182 713 3243 et
723 3178 857 3263 pulchra
866 3182 1043 3247 minantem

5 3276 7 3281 ·
120 3254 238 3323 Vivere
252 3278 312 3323 nee
333 3262 420 3325 recte
439 3282 499 3326 nec
521 3263 673 3345 suaviter,
695 3262 781 3327 haud
802 3264 877 3346 quia
898 3263 1021 3349 grando

122 3338 313 3407 Oontnderit
332 3344 415 3408 vitae
436 3343 579 3410 oleamve
599 3347 808 3412 momorderit
828 3350 949 3431 aestuis,
1067 3358 1087 3410 t

119 3422 191 3490 Nec
212 3426 288 3509 quia
308 3426 494 3512 longinquis
508 3435 686 3501 armentum
700 3434 846 3517 aegrotet
865 3432 900 3495 in
918 3432 1020 3518 cgris3

122 3505 184 3573 Sed
207 3510 283 3593 quia
296 3515 403 3577 mente
417 3512 522 3578 minus
543 3514 667 3579 validus
689 3536 783 3599 quam
798 3536 930 3601 corpore
951 3519 1023 3582 toto
