<?xml version="1.0" encoding="UTF-8"?>
<!DOCTYPE html PUBLIC "-//W3C//DTD XHTML 1.0 Transitional//EN"
    "http://www.w3.org/TR/xhtml1/DTD/xhtml1-transitional.dtd">
<html xmlns="http://www.w3.org/1999/xhtml" xml:lang="en" lang="en">
 <head>
  <title>
</title>
<meta http-equiv="Content-Type" content="text/html;charset=utf-8" />
  <meta name='ocr-system' content='tesseract 3.04.00' />
  <meta name='ocr-capabilities' content='ocr_page ocr_carea ocr_par ocr_line ocrx_word'/>
</head>
<body>
  <div class='ocr_page' id='page_1' title='image "./qhoratiiflacica00mlgoog_0025.png"; bbox 0 0 2570 4022; ppageno 0'>
   <div class='ocr_carea' id='block_1_1' title="bbox 183 190 768 255">
    <p class='ocr_par' dir='ltr' id='par_1_1' title="bbox 183 190 768 255">
     <span class='ocr_line' id='line_1_1' title="bbox 183 190 768 255; baseline -0.01 -1"><span class='ocrx_word' id='word_1_1' title='bbox 183 194 235 255; x_wconf 82' lang='lat' dir='ltr'>XX</span> <span class='ocrx_word' id='word_1_2' title='bbox 555 190 768 249; x_wconf 78' lang='lat' dir='ltr'><strong>PRAEFATIO.</strong></span> 
     </span>
    </p>
   </div>
   <div class='ocr_carea' id='block_1_2' title="bbox 184 344 1147 604">
    <p class='ocr_par' dir='ltr' id='par_1_2' title="bbox 184 344 1147 604">
     <span class='ocr_line' id='line_1_2' title="bbox 184 344 1145 430; baseline -0.005 -15"><span class='ocrx_word' id='word_1_3' title='bbox 184 352 278 415; x_wconf 84' lang='lat' dir='ltr'><strong>Vnde</strong></span> <span class='ocrx_word' id='word_1_4' title='bbox 298 351 454 413; x_wconf 89' lang='lat' dir='ltr'>Iohannes</span> <span class='ocrx_word' id='word_1_5' title='bbox 477 350 516 412; x_wconf 89' lang='lat' dir='ltr'>de</span> <span class='ocrx_word' id='word_1_6' title='bbox 543 348 711 412; x_wconf 83' lang='lat' dir='ltr'>Gallsndia</span> <span class='ocrx_word' id='word_1_7' title='bbox 734 346 783 430; x_wconf 87' lang='lat' dir='ltr'>[v.</span> <span class='ocrx_word' id='word_1_8' title='bbox 802 344 885 429; x_wconf 73' lang='lat'>482]</span> <span class='ocrx_word' id='word_1_9' title='bbox 914 347 979 411; x_wconf 74' lang='lat' dir='ltr'>‘est</span> <span class='ocrx_word' id='word_1_10' title='bbox 999 350 1145 411; x_wconf 78' lang='lat' dir='ltr'>meretrix</span> 
     </span>
     <span class='ocr_line' id='line_1_3' title="bbox 184 433 1145 515; baseline -0.005 -16"><span class='ocrx_word' id='word_1_11' title='bbox 184 448 317 499; x_wconf 86' lang='lat' dir='ltr'>scortum</span> <span class='ocrx_word' id='word_1_12' title='bbox 330 437 426 498; x_wconf 81' lang='lat' dir='ltr'>Thais</span> <span class='ocrx_word' id='word_1_13' title='bbox 447 437 523 515; x_wconf 89' lang='lat' dir='ltr'>lupa</span> <span class='ocrx_word' id='word_1_14' title='bbox 543 454 636 515; x_wconf 90' lang='lat' dir='ltr'>capra</span> <span class='ocrx_word' id='word_1_15' title='bbox 652 433 841 495; x_wconf 57' lang='lat' dir='ltr'>Chimaera&amp;</span> <span class='ocrx_word' id='word_1_16' title='bbox 869 434 988 497; x_wconf 87' lang='lat' dir='ltr'>Praeiit</span> <span class='ocrx_word' id='word_1_17' title='bbox 1001 435 1145 496; x_wconf 87' lang='lat' dir='ltr'>Valerius</span> 
     </span>
     <span class='ocr_line' id='line_1_4' title="bbox 184 516 1147 604; baseline -0.007 -19"><span class='ocrx_word' id='word_1_18' title='bbox 184 522 317 604; x_wconf 77' lang='lat' dir='ltr'><strong>epistula</strong></span> <span class='ocrx_word' id='word_1_19' title='bbox 337 520 379 582; x_wconf 87' lang='lat' dir='ltr'>ad</span> <span class='ocrx_word' id='word_1_20' title='bbox 395 520 540 581; x_wconf 81' lang='lat' dir='ltr'>Rufinum</span> <span class='ocrx_word' id='word_1_21' title='bbox 563 516 706 595; x_wconf 82' lang='lat' dir='ltr'>(samita</span> <span class='ocrx_word' id='word_1_22' title='bbox 720 519 813 599; x_wconf 81' lang='lat' dir='ltr'>vulgo</span> <span class='ocrx_word' id='word_1_23' title='bbox 828 518 939 594; x_wconf 71' lang='lat' dir='ltr'>femur,</span> <span class='ocrx_word' id='word_1_24' title='bbox 963 537 1147 599; x_wconf 87' lang='lat' dir='ltr'>quamquam</span> 
     </span>
    </p>
   </div>
   <div class='ocr_carea' id='block_1_3' title="bbox 184 601 1275 699">
    <p class='ocr_par' dir='ltr' id='par_1_3' title="bbox 184 601 1275 699">
     <span class='ocr_line' id='line_1_5' title="bbox 184 601 1275 699; baseline -0.009 -31"><span class='ocrx_word' id='word_1_25' title='bbox 184 629 204 668; x_wconf 93' lang='lat' dir='ltr'>a</span> <span class='ocrx_word' id='word_1_26' title='bbox 232 607 338 668; x_wconf 89' lang='lat' dir='ltr'>codice</span> <span class='ocrx_word' id='word_1_27' title='bbox 365 605 518 667; x_wconf 83' lang='lat' dir='ltr'>Vossiano</span> <span class='ocrx_word' id='word_1_28' title='bbox 546 603 635 665; x_wconf 87' lang='lat' dir='ltr'>abest</span> <span class='ocrx_word' id='word_1_29' title='bbox 661 604 759 664; x_wconf 87' lang='lat' dir='ltr'>omnis</span> <span class='ocrx_word' id='word_1_30' title='bbox 786 601 911 681; x_wconf 88' lang='lat' dir='ltr'>titulus)</span> <span class='ocrx_word' id='word_1_31' title='bbox 946 604 1147 665; x_wconf 67' lang='lat' dir='ltr'>‘Chimaeram</span> <span class='ocrx_word' id='word_1_32' title='bbox 1172 646 1175 651; x_wconf 73' lang='lat'><strong>.</strong></span> <span class='ocrx_word' id='word_1_33' title='bbox 1273 632 1275 699; x_wconf 53' lang='lat' dir='ltr'>s</span> 
     </span>
    </p>
   </div>
   <div class='ocr_carea' id='block_1_4' title="bbox 180 687 1148 2880">
    <p class='ocr_par' dir='ltr' id='par_1_4' title="bbox 181 687 1148 1953">
     <span class='ocr_line' id='line_1_6' title="bbox 183 687 1147 768; baseline -0.003 -18"><span class='ocrx_word' id='word_1_34' title='bbox 183 697 272 750; x_wconf 80' lang='lat' dir='ltr'>miser</span> <span class='ocrx_word' id='word_1_35' title='bbox 293 694 391 750; x_wconf 78' lang='lat' dir='ltr'>nescis</span> <span class='ocrx_word' id='word_1_36' title='bbox 411 706 475 749; x_wconf 81' lang='lat' dir='ltr'>esse</span> <span class='ocrx_word' id='word_1_37' title='bbox 494 708 583 764; x_wconf 77' lang='lat' dir='ltr'>quam</span> <span class='ocrx_word' id='word_1_38' title='bbox 602 693 687 763; x_wconf 82' lang='lat' dir='ltr'>petis.</span> <span class='ocrx_word' id='word_1_39' title='bbox 721 696 753 749; x_wconf 88' lang='lat' dir='ltr'>et</span> <span class='ocrx_word' id='word_1_40' title='bbox 772 688 851 749; x_wconf 85' lang='lat' dir='ltr'>scire</span> <span class='ocrx_word' id='word_1_41' title='bbox 873 687 968 749; x_wconf 87' lang='lat' dir='ltr'>debes</span> <span class='ocrx_word' id='word_1_42' title='bbox 989 687 1074 768; x_wconf 86' lang='lat' dir='ltr'>quad</span> <span class='ocrx_word' id='word_1_43' title='bbox 1095 693 1147 747; x_wconf 75' lang='lat' dir='ltr'>tm·-</span> 
     </span>
     <span class='ocr_line' id='line_1_7' title="bbox 181 772 1145 852; baseline -0.004 -16"><span class='ocrx_word' id='word_1_44' title='bbox 181 778 279 851; x_wconf 79' lang='lat' dir='ltr'>fcrme</span> <span class='ocrx_word' id='word_1_45' title='bbox 299 782 468 834; x_wconf 86' lang='lat' dir='ltr'>monstram</span> <span class='ocrx_word' id='word_1_46' title='bbox 488 773 567 833; x_wconf 90' lang='lat' dir='ltr'>illud</span> <span class='ocrx_word' id='word_1_47' title='bbox 587 772 719 852; x_wconf 81' lang='lat' dir='ltr'>insignis</span> <span class='ocrx_word' id='word_1_48' title='bbox 740 780 922 834; x_wconf 79' lang='lat' dir='ltr'><strong>venustetur</strong></span> <span class='ocrx_word' id='word_1_49' title='bbox 941 772 1022 835; x_wconf 83' lang='lat' dir='ltr'>facie</span> <span class='ocrx_word' id='word_1_50' title='bbox 1034 772 1145 847; x_wconf 86' lang='lat' dir='ltr'>leonis,</span> 
     </span>
     <span class='ocr_line' id='line_1_8' title="bbox 184 855 1148 936; baseline -0.003 -16"><span class='ocrx_word' id='word_1_51' title='bbox 184 859 295 920; x_wconf 88' lang='lat' dir='ltr'>olentis</span> <span class='ocrx_word' id='word_1_52' title='bbox 322 858 493 919; x_wconf 80' lang='lat' dir='ltr'>maculetur</span> <span class='ocrx_word' id='word_1_53' title='bbox 519 865 628 917; x_wconf 88' lang='lat' dir='ltr'>ventre</span> <span class='ocrx_word' id='word_1_54' title='bbox 654 876 779 936; x_wconf 86' lang='lat' dir='ltr'>caprae,</span> <span class='ocrx_word' id='word_1_55' title='bbox 813 855 987 918; x_wconf 75' lang='lat' dir='ltr'>virulentae</span> <span class='ocrx_word' id='word_1_56' title='bbox 1013 866 1148 919; x_wconf 88' lang='lat' dir='ltr'>armetur</span> 
     </span>
     <span class='ocr_line' id='line_1_9' title="bbox 185 941 1147 1022; baseline -0.003 -17"><span class='ocrx_word' id='word_1_57' title='bbox 185 943 283 1005; x_wconf 85' lang='lat' dir='ltr'>cauda</span> <span class='ocrx_word' id='word_1_58' title='bbox 303 944 459 1022; x_wconf 84' lang='lat' dir='ltr'>viperae&#39;.</span> <span class='ocrx_word' id='word_1_59' title='bbox 490 973 528 985; x_wconf 92' lang='lat'>-</span> <span class='ocrx_word' id='word_1_60' title='bbox 562 941 704 1021; x_wconf 83' lang='lat' dir='ltr'>Apparet</span> <span class='ocrx_word' id='word_1_61' title='bbox 724 941 853 1002; x_wconf 75' lang='lat' dir='ltr'>imitatio</span> <span class='ocrx_word' id='word_1_62' title='bbox 875 941 1012 1014; x_wconf 86' lang='lat' dir='ltr'>Horatii,</span> <span class='ocrx_word' id='word_1_63' title='bbox 1042 961 1147 1021; x_wconf 86' lang='lat' dir='ltr'>qoam·</span> 
     </span>
     <span class='ocr_line' id='line_1_10' title="bbox 184 1025 1147 1108; baseline -0.003 -19"><span class='ocrx_word' id='word_1_64' title='bbox 184 1047 276 1108; x_wconf 86' lang='lat' dir='ltr'>quam</span> <span class='ocrx_word' id='word_1_65' title='bbox 296 1027 446 1108; x_wconf 84' lang='lat' dir='ltr'>pleraque</span> <span class='ocrx_word' id='word_1_66' title='bbox 465 1026 560 1087; x_wconf 83' lang='lat' dir='ltr'>traxit</span> <span class='ocrx_word' id='word_1_67' title='bbox 580 1026 723 1087; x_wconf 88' lang='lat' dir='ltr'>Valerius</span> <span class='ocrx_word' id='word_1_68' title='bbox 751 1045 792 1088; x_wconf 87' lang='lat' dir='ltr'>ex</span> <span class='ocrx_word' id='word_1_69' title='bbox 812 1033 886 1086; x_wconf 86' lang='lat' dir='ltr'>nato</span> <span class='ocrx_word' id='word_1_70' title='bbox 908 1025 1035 1088; x_wconf 86' lang='lat' dir='ltr'>Homeri</span> <span class='ocrx_word' id='word_1_71' title='bbox 1055 1045 1147 1087; x_wconf 81' lang='lat' dir='ltr'>versu</span> 
     </span>
     <span class='ocr_line' id='line_1_11' title="bbox 184 1104 1146 1191; baseline -0.004 -16"><span class='ocrx_word' id='word_1_72' title='bbox 184 1108 309 1188; x_wconf 80' lang='grc' dir='ltr'>πρόσθε</span> <span class='ocrx_word' id='word_1_73' title='bbox 331 1108 433 1191; x_wconf 83' lang='grc' dir='ltr'>λέων,</span> <span class='ocrx_word' id='word_1_74' title='bbox 455 1104 569 1172; x_wconf 81' lang='grc' dir='ltr'>ὄπιθεν</span> <span class='ocrx_word' id='word_1_75' title='bbox 591 1107 628 1173; x_wconf 79' lang='grc' dir='ltr'>δὲ</span> <span class='ocrx_word' id='word_1_76' title='bbox 650 1106 795 1191; x_wconf 83' lang='grc' dir='ltr'>δράκων,</span> <span class='ocrx_word' id='word_1_77' title='bbox 817 1107 923 1186; x_wconf 82' lang='grc' dir='ltr'>μέσση</span> <span class='ocrx_word' id='word_1_78' title='bbox 946 1108 982 1174; x_wconf 80' lang='grc' dir='ltr'>δὲ</span> <span class='ocrx_word' id='word_1_79' title='bbox 1004 1106 1146 1187; x_wconf 85' lang='grc' dir='ltr'>χίμαιρα;</span> 
     </span>
     <span class='ocr_line' id='line_1_12' title="bbox 184 1194 1147 1277; baseline 0 -21"><span class='ocrx_word' id='word_1_80' title='bbox 184 1217 276 1277; x_wconf 89' lang='lat' dir='ltr'>quem</span> <span class='ocrx_word' id='word_1_81' title='bbox 296 1195 422 1275; x_wconf 89' lang='lat' dir='ltr'>quidam</span> <span class='ocrx_word' id='word_1_82' title='bbox 442 1196 487 1256; x_wconf 91' lang='lat' dir='ltr'>ita</span> <span class='ocrx_word' id='word_1_83' title='bbox 507 1196 601 1259; x_wconf 85' lang='lat' dir='ltr'>vertit</span> <span class='ocrx_word' id='word_1_84' title='bbox 621 1194 735 1257; x_wconf 84' lang='lat' dir='ltr'>Latine</span> <span class='ocrx_word' id='word_1_85' title='bbox 764 1197 880 1275; x_wconf 82' lang='lat' dir='ltr'>‘prima</span> <span class='ocrx_word' id='word_1_86' title='bbox 900 1196 965 1270; x_wconf 90' lang='lat' dir='ltr'>leo,</span> <span class='ocrx_word' id='word_1_87' title='bbox 993 1204 1147 1275; x_wconf 88' lang='lat' dir='ltr'>postrema</span> 
     </span>
     <span class='ocr_line' id='line_1_13' title="bbox 185 1278 1146 1359; baseline -0.001 -17"><span class='ocrx_word' id='word_1_88' title='bbox 185 1281 292 1352; x_wconf 88' lang='lat' dir='ltr'>draco,</span> <span class='ocrx_word' id='word_1_89' title='bbox 323 1280 426 1341; x_wconf 90' lang='lat' dir='ltr'>media</span> <span class='ocrx_word' id='word_1_90' title='bbox 447 1281 516 1359; x_wconf 88' lang='lat' dir='ltr'>ipsa</span> <span class='ocrx_word' id='word_1_91' title='bbox 537 1279 719 1347; x_wconf 86' lang='lat' dir='ltr'>chimaera’.</span> <span class='ocrx_word' id='word_1_92' title='bbox 762 1280 851 1342; x_wconf 88' lang='lat' dir='ltr'>ldern</span> <span class='ocrx_word' id='word_1_93' title='bbox 877 1280 931 1341; x_wconf 92' lang='lat' dir='ltr'>ille</span> <span class='ocrx_word' id='word_1_94' title='bbox 958 1278 1146 1341; x_wconf 75' lang='lat' dir='ltr'>‘delectatus</span> 
     </span>
     <span class='ocr_line' id='line_1_14' title="bbox 184 1363 1148 1446; baseline -0.002 -19"><span class='ocrx_word' id='word_1_95' title='bbox 184 1375 232 1427; x_wconf 89' lang='lat' dir='ltr'>est</span> <span class='ocrx_word' id='word_1_96' title='bbox 251 1365 359 1426; x_wconf 82' lang='lat' dir='ltr'>Vlixes</span> <span class='ocrx_word' id='word_1_97' title='bbox 380 1365 565 1446; x_wconf 76' lang='lat' dir='ltr'>symphonia</span> <span class='ocrx_word' id='word_1_98' title='bbox 587 1363 739 1426; x_wconf 86' lang='lat' dir='ltr'>Sirenum.</span> <span class='ocrx_word' id='word_1_99' title='bbox 772 1365 829 1426; x_wconf 90' lang='lat' dir='ltr'>scd</span> <span class='ocrx_word' id='word_1_100' title='bbox 850 1366 924 1443; x_wconf 90' lang='lat' dir='ltr'>quia</span> <span class='ocrx_word' id='word_1_101' title='bbox 945 1365 1079 1425; x_wconf 75' lang='lat' dir='ltr'>Sirenum</span> <span class='ocrx_word' id='word_1_102' title='bbox 1099 1383 1148 1425; x_wconf 85' lang='lat' dir='ltr'>aa·</span> 
     </span>
     <span class='ocr_line' id='line_1_15' title="bbox 184 1444 1146 1528; baseline 0.002 -20"><span class='ocrx_word' id='word_1_103' title='bbox 184 1467 235 1509; x_wconf 85' lang='lat' dir='ltr'>ces</span> <span class='ocrx_word' id='word_1_104' title='bbox 256 1456 286 1509; x_wconf 89' lang='lat' dir='ltr'>et</span> <span class='ocrx_word' id='word_1_105' title='bbox 306 1450 411 1509; x_wconf 75' lang='lat' dir='ltr'>Circae</span> <span class='ocrx_word' id='word_1_106' title='bbox 427 1453 538 1524; x_wconf 87' lang='lat' dir='ltr'>pocula</span> <span class='ocrx_word' id='word_1_107' title='bbox 558 1454 637 1509; x_wconf 82' lang='lat' dir='ltr'>nouit</span> <span class='ocrx_word' id='word_1_108' title='bbox 658 1445 722 1528; x_wconf 87' lang='lat' dir='ltr'>[ep.</span> <span class='ocrx_word' id='word_1_109' title='bbox 743 1467 770 1523; x_wconf 87' lang='lat'>1,</span> <span class='ocrx_word' id='word_1_110' title='bbox 792 1449 827 1523; x_wconf 77' lang='lat'>2,</span> <span class='ocrx_word' id='word_1_111' title='bbox 849 1444 920 1528; x_wconf 81' lang='grc'><strong>23],</strong></span> <span class='ocrx_word' id='word_1_112' title='bbox 947 1449 1070 1510; x_wconf 84' lang='lat' dir='ltr'>virtutis</span> <span class='ocrx_word' id='word_1_113' title='bbox 1091 1450 1146 1510; x_wconf 91' lang='lat' dir='ltr'>ad·</span> 
     </span>
     <span class='ocr_line' id='line_1_16' title="bbox 185 1532 1146 1614; baseline 0.001 -20"><span class='ocrx_word' id='word_1_114' title='bbox 185 1533 337 1595; x_wconf 88' lang='lat' dir='ltr'>minicalis</span> <span class='ocrx_word' id='word_1_115' title='bbox 364 1533 424 1593; x_wconf 90' lang='lat' dir='ltr'>sibi</span> <span class='ocrx_word' id='word_1_116' title='bbox 445 1534 527 1593; x_wconf 89' lang='lat' dir='ltr'>viarn</span> <span class='ocrx_word' id='word_1_117' title='bbox 547 1532 634 1605; x_wconf 83' lang='lat' dir='ltr'>iecit,</span> <span class='ocrx_word' id='word_1_118' title='bbox 665 1543 700 1593; x_wconf 86' lang='lat' dir='ltr'>ut</span> <span class='ocrx_word' id='word_1_119' title='bbox 726 1532 839 1594; x_wconf 82' lang='lat' dir='ltr'>vitaret</span> <span class='ocrx_word' id='word_1_120' title='bbox 866 1534 1055 1613; x_wconf 83' lang='lat' dir='ltr'>voraginem.</span> <span class='ocrx_word' id='word_1_121' title='bbox 1088 1554 1146 1614; x_wconf 87' lang='lat' dir='ltr'>ego</span> 
     </span>
     <span class='ocr_line' id='line_1_17' title="bbox 185 1617 1146 1697; baseline 0 -18"><span class='ocrx_word' id='word_1_122' title='bbox 185 1627 286 1679; x_wconf 89' lang='lat' dir='ltr'>antem</span> <span class='ocrx_word' id='word_1_123' title='bbox 300 1619 334 1677; x_wconf 87' lang='lat' dir='ltr'>in</span> <span class='ocrx_word' id='word_1_124' title='bbox 349 1617 473 1678; x_wconf 90' lang='lat' dir='ltr'>dominc</span> <span class='ocrx_word' id='word_1_125' title='bbox 488 1637 616 1696; x_wconf 89' lang='lat' dir='ltr'>sperans</span> <span class='ocrx_word' id='word_1_126' title='bbox 631 1617 750 1678; x_wconf 87' lang='lat' dir='ltr'>confido</span> <span class='ocrx_word' id='word_1_127' title='bbox 766 1617 957 1697; x_wconf 82' lang='lat' dir='ltr'>quchlixis</span> <span class='ocrx_word' id='word_1_128' title='bbox 972 1620 1032 1679; x_wconf 88' lang='lat' dir='ltr'>eris</span> <span class='ocrx_word' id='word_1_129' title='bbox 1046 1618 1146 1680; x_wconf 87' lang='lat' dir='ltr'>imitu-</span> 
     </span>
     <span class='ocr_line' id='line_1_18' title="bbox 184 1704 1146 1778; baseline -0.001 -14"><span class='ocrx_word' id='word_1_130' title='bbox 184 1711 241 1776; x_wconf 87' lang='lat' dir='ltr'>tor,</span> <span class='ocrx_word' id='word_1_131' title='bbox 262 1721 319 1761; x_wconf 85' lang='lat' dir='ltr'>aon</span> <span class='ocrx_word' id='word_1_132' title='bbox 334 1704 525 1776; x_wconf 77' lang='lat' dir='ltr'>Empedoclis,</span> <span class='ocrx_word' id='word_1_133' title='bbox 549 1708 599 1778; x_wconf 80' lang='lat' dir='ltr'>qui</span> <span class='ocrx_word' id='word_1_134' title='bbox 611 1720 665 1761; x_wconf 85' lang='lat' dir='ltr'>sua</span> <span class='ocrx_word' id='word_1_135' title='bbox 678 1705 862 1777; x_wconf 72' lang='lat' dir='ltr'>philosophia</span> <span class='ocrx_word' id='word_1_136' title='bbox 877 1719 914 1763; x_wconf 86' lang='lat' dir='ltr'>ae</span> <span class='ocrx_word' id='word_1_137' title='bbox 928 1707 1023 1763; x_wconf 82' lang='lat' dir='ltr'>dicam</span> <span class='ocrx_word' id='word_1_138' title='bbox 1037 1706 1146 1763; x_wconf 85' lang='lat' dir='ltr'>melan·</span> 
     </span>
     <span class='ocr_line' id='line_1_19' title="bbox 184 1786 1148 1866; baseline 0.001 -19"><span class='ocrx_word' id='word_1_139' title='bbox 184 1790 279 1847; x_wconf 77' lang='lat' dir='ltr'>stolia</span> <span class='ocrx_word' id='word_1_140' title='bbox 294 1791 387 1845; x_wconf 76' lang='lat' dir='ltr'>uetus</span> <span class='ocrx_word' id='word_1_141' title='bbox 400 1786 522 1845; x_wconf 82' lang='lat' dir='ltr'>Aetnam</span> <span class='ocrx_word' id='word_1_142' title='bbox 537 1789 593 1845; x_wconf 80' lang='lat' dir='ltr'>sill</span> <span class='ocrx_word' id='word_1_143' title='bbox 604 1790 780 1847; x_wconf 77' lang='lat' dir='ltr'>mausoleum</span> <span class='ocrx_word' id='word_1_144' title='bbox 795 1792 895 1861; x_wconf 80' lang='lat' dir='ltr'>eleplt,</span> <span class='ocrx_word' id='word_1_145' title='bbox 917 1794 949 1848; x_wconf 90' lang='lat' dir='ltr'>et</span> <span class='ocrx_word' id='word_1_146' title='bbox 968 1786 1148 1866; x_wconf 84' lang='lat' dir='ltr'>parabolam</span> 
     </span>
     <span class='ocr_line' id='line_1_20' title="bbox 184 1869 1147 1953; baseline 0 -21"><span class='ocrx_word' id='word_1_147' title='bbox 184 1890 276 1953; x_wconf 88' lang='lat' dir='ltr'>quarn</span> <span class='ocrx_word' id='word_1_148' title='bbox 297 1870 385 1930; x_wconf 88' lang='lat' dir='ltr'>audis</span> <span class='ocrx_word' id='word_1_149' title='bbox 408 1869 576 1933; x_wconf 84' lang='lat' dir='ltr'>advertes&#39;.</span> <span class='ocrx_word' id='word_1_150' title='bbox 611 1870 701 1931; x_wconf 91' lang='lat' dir='ltr'>Haec</span> <span class='ocrx_word' id='word_1_151' title='bbox 722 1873 826 1932; x_wconf 86' lang='lat' dir='ltr'>omnia</span> <span class='ocrx_word' id='word_1_152' title='bbox 846 1891 886 1931; x_wconf 90' lang='lat' dir='ltr'>cx</span> <span class='ocrx_word' id='word_1_153' title='bbox 905 1870 1018 1932; x_wconf 69' lang='lat' dir='ltr'>macco</span> <span class='ocrx_word' id='word_1_154' title='bbox 1040 1873 1147 1951; x_wconf 86' lang='lat' dir='ltr'>petita.</span> 
     </span>
    </p>

    <p class='ocr_par' dir='ltr' id='par_1_5' title="bbox 183 1953 1146 2203">
     <span class='ocr_line' id='line_1_21' title="bbox 247 1953 1146 2034; baseline 0.002 -20"><span class='ocrx_word' id='word_1_155' title='bbox 247 1973 269 2028; x_wconf 89' lang='lat'>1,</span> <span class='ocrx_word' id='word_1_156' title='bbox 286 1955 337 2014; x_wconf 81' lang='lat'>28.</span> <span class='ocrx_word' id='word_1_157' title='bbox 366 1954 416 2015; x_wconf 89' lang='lat' dir='ltr'>De</span> <span class='ocrx_word' id='word_1_158' title='bbox 430 1953 602 2015; x_wconf 88' lang='lat' dir='ltr'>rationibus</span> <span class='ocrx_word' id='word_1_159' title='bbox 616 1955 758 2018; x_wconf 81' lang='lat' dir='ltr'>carminis</span> <span class='ocrx_word' id='word_1_160' title='bbox 777 1955 869 2015; x_wconf 87' lang='lat' dir='ltr'>huius</span> <span class='ocrx_word' id='word_1_161' title='bbox 884 1973 976 2034; x_wconf 90' lang='lat' dir='ltr'>quam</span> <span class='ocrx_word' id='word_1_162' title='bbox 988 1955 1146 2016; x_wconf 82' lang='lat' dir='ltr'>Weiskius</span> 
     </span>
     <span class='ocr_line' id='line_1_22' title="bbox 183 2038 1146 2120; baseline 0.002 -22"><span class='ocrx_word' id='word_1_163' title='bbox 183 2039 312 2119; x_wconf 87' lang='lat' dir='ltr'>protulit</span> <span class='ocrx_word' id='word_1_164' title='bbox 324 2039 510 2100; x_wconf 89' lang='lat' dir='ltr'>sententiam</span> <span class='ocrx_word' id='word_1_165' title='bbox 524 2058 597 2099; x_wconf 89' lang='lat' dir='ltr'>ann.</span> <span class='ocrx_word' id='word_1_166' title='bbox 613 2039 690 2119; x_wconf 88' lang='lat' dir='ltr'>phil.</span> <span class='ocrx_word' id='word_1_167' title='bbox 704 2040 907 2120; x_wconf 79' lang='lat' dir='ltr'>¹11,359sqq.</span> <span class='ocrx_word' id='word_1_168' title='bbox 922 2049 957 2102; x_wconf 87' lang='lat' dir='ltr'>ut</span> <span class='ocrx_word' id='word_1_169' title='bbox 970 2038 1146 2102; x_wconf 81' lang='lat' dir='ltr'>Meinelrius</span> 
     </span>
     <span class='ocr_line' id='line_1_23' title="bbox 184 2122 698 2203; baseline 0 -18"><span class='ocrx_word' id='word_1_170' title='bbox 184 2133 216 2185; x_wconf 88' lang='lat' dir='ltr'>et</span> <span class='ocrx_word' id='word_1_171' title='bbox 235 2125 295 2203; x_wconf 88' lang='lat' dir='ltr'>ipsi</span> <span class='ocrx_word' id='word_1_172' title='bbox 317 2122 509 2202; x_wconf 85' lang='lat' dir='ltr'>probandam</span> <span class='ocrx_word' id='word_1_173' title='bbox 529 2143 698 2185; x_wconf 90' lang='lat' dir='ltr'>censemus.</span> 
     </span>
    </p>

    <p class='ocr_par' dir='ltr' id='par_1_6' title="bbox 180 2208 1147 2880">
     <span class='ocr_line' id='line_1_24' title="bbox 245 2208 1147 2287; baseline 0.002 -19"><span class='ocrx_word' id='word_1_174' title='bbox 245 2208 294 2268; x_wconf 87' lang='lat' dir='ltr'>Ib.</span> <span class='ocrx_word' id='word_1_175' title='bbox 310 2210 329 2267; x_wconf 83' lang='lat'>5</span> <span class='ocrx_word' id='word_1_176' title='bbox 344 2227 390 2287; x_wconf 91' lang='lat' dir='ltr'>sq.</span> <span class='ocrx_word' id='word_1_177' title='bbox 413 2213 512 2268; x_wconf 81' lang='lat' dir='ltr'>aem&#39;as</span> <span class='ocrx_word' id='word_1_178' title='bbox 532 2217 687 2284; x_wconf 79' lang='lat' dir='ltr'>temptasse</span> <span class='ocrx_word' id='word_1_179' title='bbox 701 2213 798 2270; x_wconf 80' lang='lat' dir='ltr'>domos</span> <span class='ocrx_word' id='word_1_180' title='bbox 819 2214 972 2287; x_wconf 76' lang='lat' dir='ltr'>animoque</span> <span class='ocrx_word' id='word_1_181' title='bbox 993 2213 1147 2272; x_wconf 79' lang='lat' dir='ltr'>rotundum</span> 
     </span>
     <span class='ocr_line' id='line_1_25' title="bbox 180 2291 1145 2374; baseline 0.001 -21"><span class='ocrx_word' id='word_1_182' title='bbox 180 2297 367 2366; x_wconf 74' lang='lat' dir='ltr'>percurram</span> <span class='ocrx_word' id='word_1_183' title='bbox 384 2297 494 2365; x_wconf 85' lang='lat' dir='ltr'>polum.</span> <span class='ocrx_word' id='word_1_184' title='bbox 529 2291 590 2354; x_wconf 90' lang='lat' dir='ltr'>Pro</span> <span class='ocrx_word' id='word_1_185' title='bbox 612 2293 666 2355; x_wconf 92' lang='lat' dir='ltr'>illo</span> <span class='ocrx_word' id='word_1_186' title='bbox 689 2293 787 2354; x_wconf 82' lang='lat' dir='ltr'>aerias</span> <span class='ocrx_word' id='word_1_187' title='bbox 809 2296 919 2374; x_wconf 91' lang='lat' dir='ltr'>reponi</span> <span class='ocrx_word' id='word_1_188' title='bbox 939 2294 1007 2354; x_wconf 89' lang='lat' dir='ltr'>vult</span> <span class='ocrx_word' id='word_1_189' title='bbox 1026 2295 1145 2354; x_wconf 84' lang='lat' dir='ltr'>Meina-</span> 
     </span>
     <span class='ocr_line' id='line_1_26' title="bbox 182 2376 1146 2458; baseline 0.001 -21"><span class='ocrx_word' id='word_1_190' title='bbox 182 2377 253 2437; x_wconf 86' lang='lat' dir='ltr'>kius</span> <span class='ocrx_word' id='word_1_191' title='bbox 286 2377 449 2438; x_wconf 88' lang='lat' dir='ltr'>aetherias.</span> <span class='ocrx_word' id='word_1_192' title='bbox 499 2376 562 2438; x_wconf 85' lang='lat' dir='ltr'>Sed</span> <span class='ocrx_word' id='word_1_193' title='bbox 595 2379 649 2438; x_wconf 85' lang='lat' dir='ltr'>vix</span> <span class='ocrx_word' id='word_1_194' title='bbox 681 2397 768 2458; x_wconf 88' lang='lat' dir='ltr'>opus.</span> <span class='ocrx_word' id='word_1_195' title='bbox 817 2379 867 2439; x_wconf 90' lang='lat' dir='ltr'>Ita</span> <span class='ocrx_word' id='word_1_196' title='bbox 894 2380 978 2439; x_wconf 91' lang='lat' dir='ltr'>enim</span> <span class='ocrx_word' id='word_1_197' title='bbox 1005 2377 1146 2439; x_wconf 75' lang='lat' dir='ltr'>Catullus</span> 
     </span>
     <span class='ocr_line' id='line_1_27' title="bbox 184 2457 1145 2539; baseline 0.003 -18"><span class='ocrx_word' id='word_1_198' title='bbox 184 2457 399 2539; x_wconf 78' lang='lat' dir='ltr'>[xe-v1,5sq.]</span> <span class='ocrx_word' id='word_1_199' title='bbox 423 2463 474 2521; x_wconf 76' lang='lat' dir='ltr'>‘ut</span> <span class='ocrx_word' id='word_1_200' title='bbox 494 2462 633 2523; x_wconf 77' lang='lat' dir='ltr'>Triviam</span> <span class='ocrx_word' id='word_1_201' title='bbox 654 2462 760 2522; x_wconf 76' lang='lat' dir='ltr'>furtim</span> <span class='ocrx_word' id='word_1_202' title='bbox 780 2463 837 2523; x_wconf 88' lang='lat' dir='ltr'>sub</span> <span class='ocrx_word' id='word_1_203' title='bbox 858 2463 980 2524; x_wconf 86' lang='lat' dir='ltr'>Latmia</span> <span class='ocrx_word' id='word_1_204' title='bbox 1000 2482 1077 2524; x_wconf 87' lang='lat' dir='ltr'>saxa</span> <span class='ocrx_word' id='word_1_205' title='bbox 1097 2483 1145 2524; x_wconf 90' lang='lat' dir='ltr'>re·</span> 
     </span>
     <span class='ocr_line' id='line_1_28' title="bbox 181 2544 1146 2627; baseline 0.004 -23"><span class='ocrx_word' id='word_1_206' title='bbox 181 2546 290 2622; x_wconf 82' lang='lat' dir='ltr'>legans</span> <span class='ocrx_word' id='word_1_207' title='bbox 307 2544 405 2606; x_wconf 88' lang='lat' dir='ltr'>dulcis</span> <span class='ocrx_word' id='word_1_208' title='bbox 427 2566 512 2606; x_wconf 90' lang='lat' dir='ltr'>amor</span> <span class='ocrx_word' id='word_1_209' title='bbox 525 2567 602 2627; x_wconf 82' lang='lat' dir='ltr'>gyro</span> <span class='ocrx_word' id='word_1_210' title='bbox 625 2546 755 2608; x_wconf 88' lang='lat' dir='ltr'>devocet</span> <span class='ocrx_word' id='word_1_211' title='bbox 776 2547 890 2609; x_wconf 88' lang='lat' dir='ltr'>aerio&#39;.</span> <span class='ocrx_word' id='word_1_212' title='bbox 918 2548 961 2609; x_wconf 82' lang='lat' dir='ltr'>Et</span> <span class='ocrx_word' id='word_1_213' title='bbox 974 2548 1061 2608; x_wconf 87' lang='lat' dir='ltr'>Maro</span> <span class='ocrx_word' id='word_1_214' title='bbox 1076 2567 1146 2608; x_wconf 87' lang='lat' dir='ltr'>cum</span> 
     </span>
     <span class='ocr_line' id='line_1_29' title="bbox 181 2628 1146 2712; baseline 0.004 -24"><span class='ocrx_word' id='word_1_215' title='bbox 181 2648 304 2708; x_wconf 87' lang='lat' dir='ltr'>campos</span> <span class='ocrx_word' id='word_1_216' title='bbox 325 2628 441 2710; x_wconf 84' lang='lat' dir='ltr'>Elysii,</span> <span class='ocrx_word' id='word_1_217' title='bbox 469 2631 627 2711; x_wconf 83' lang='lat' dir='ltr'>vulgarem</span> <span class='ocrx_word' id='word_1_218' title='bbox 648 2642 771 2693; x_wconf 89' lang='lat' dir='ltr'>secutus</span> <span class='ocrx_word' id='word_1_219' title='bbox 793 2633 983 2712; x_wconf 85' lang='lat' dir='ltr'>opinionem,</span> <span class='ocrx_word' id='word_1_220' title='bbox 1011 2631 1146 2710; x_wconf 79' lang='lat' dir='ltr'>largiore</span> 
     </span>
     <span class='ocr_line' id='line_1_30' title="bbox 181 2709 1144 2794; baseline 0.005 -22"><span class='ocrx_word' id='word_1_221' title='bbox 181 2713 307 2774; x_wconf 84' lang='lat' dir='ltr'>aethere</span> <span class='ocrx_word' id='word_1_222' title='bbox 329 2732 366 2773; x_wconf 91' lang='lat' dir='ltr'>ac</span> <span class='ocrx_word' id='word_1_223' title='bbox 387 2733 542 2794; x_wconf 89' lang='lat' dir='ltr'>purpureo</span> <span class='ocrx_word' id='word_1_224' title='bbox 568 2716 686 2776; x_wconf 89' lang='lat' dir='ltr'>lumine</span> <span class='ocrx_word' id='word_1_225' title='bbox 707 2716 813 2776; x_wconf 88' lang='lat' dir='ltr'>vestiri</span> <span class='ocrx_word' id='word_1_226' title='bbox 835 2715 962 2776; x_wconf 85' lang='lat' dir='ltr'>dixisset</span> <span class='ocrx_word' id='word_1_227' title='bbox 990 2709 1085 2790; x_wconf 87' lang='lat' dir='ltr'>[Aen.</span> <span class='ocrx_word' id='word_1_228' title='bbox 1099 2732 1144 2790; x_wconf 85' lang='lat' dir='ltr'>v1,</span> 
     </span>
     <span class='ocr_line' id='line_1_31' title="bbox 181 2793 665 2880; baseline 0.008 -23"><span class='ocrx_word' id='word_1_229' title='bbox 181 2793 275 2877; x_wconf 81' lang='grc'><strong>640],</strong></span> <span class='ocrx_word' id='word_1_230' title='bbox 298 2818 370 2858; x_wconf 88' lang='lat' dir='ltr'>rnox</span> <span class='ocrx_word' id='word_1_231' title='bbox 390 2807 495 2861; x_wconf 84' lang='lat' dir='ltr'>tamen</span> <span class='ocrx_word' id='word_1_232' title='bbox 518 2796 574 2878; x_wconf 92' lang='lat' dir='ltr'>[ib.</span> <span class='ocrx_word' id='word_1_233' title='bbox 589 2797 665 2880; x_wconf 82' lang='grc'><strong>886]</strong></span> 
     </span>
    </p>
   </div>
   <div class='ocr_carea' id='block_1_5' title="bbox 177 2896 1144 3554">
    <p class='ocr_par' dir='ltr' id='par_1_7' title="bbox 332 2896 992 3034">
     <span class='ocr_line' id='line_1_32' title="bbox 465 2896 992 2965; baseline -0.004 -16"><span class='ocrx_word' id='word_1_234' title='bbox 465 2899 508 2949; x_wconf 85' lang='lat' dir='ltr'>sic</span> <span class='ocrx_word' id='word_1_235' title='bbox 526 2904 584 2950; x_wconf 87' lang='lat' dir='ltr'>tota</span> <span class='ocrx_word' id='word_1_236' title='bbox 603 2900 707 2965; x_wconf 81' lang='lat' dir='ltr'>passim</span> <span class='ocrx_word' id='word_1_237' title='bbox 725 2896 837 2964; x_wconf 77' lang='lat' dir='ltr'>regione</span> <span class='ocrx_word' id='word_1_238' title='bbox 854 2898 992 2963; x_wconf 72' lang='lat' dir='ltr'>vagantur</span> 
     </span>
     <span class='ocr_line' id='line_1_33' title="bbox 332 2967 669 3034; baseline -0.003 -17"><span class='ocrx_word' id='word_1_239' title='bbox 332 2967 406 3017; x_wconf 86' lang='lat' dir='ltr'>aeris</span> <span class='ocrx_word' id='word_1_240' title='bbox 423 2967 453 3017; x_wconf 89' lang='lat' dir='ltr'>in</span> <span class='ocrx_word' id='word_1_241' title='bbox 471 2967 575 3034; x_wconf 87' lang='lat' dir='ltr'>eampis</span> <span class='ocrx_word' id='word_1_242' title='bbox 592 2967 669 3018; x_wconf 84' lang='lat' dir='ltr'>latis.</span> 
     </span>
    </p>

    <p class='ocr_par' dir='ltr' id='par_1_8' title="bbox 177 3051 1144 3554">
     <span class='ocr_line' id='line_1_34' title="bbox 200 3051 1144 3131; baseline 0.005 -22"><span class='ocrx_word' id='word_1_243' title='bbox 200 3106 202 3109; x_wconf 84' lang='lat'>.</span> <span class='ocrx_word' id='word_1_244' title='bbox 245 3051 388 3112; x_wconf 81' lang='lat' dir='ltr'>(laterum</span> <span class='ocrx_word' id='word_1_245' title='bbox 410 3073 480 3113; x_wconf 87' lang='lat' dir='ltr'>cnm</span> <span class='ocrx_word' id='word_1_246' title='bbox 495 3051 609 3112; x_wconf 85' lang='lat' dir='ltr'>Catulli</span> <span class='ocrx_word' id='word_1_247' title='bbox 630 3070 737 3111; x_wconf 89' lang='lat' dir='ltr'>versus</span> <span class='ocrx_word' id='word_1_248' title='bbox 759 3069 836 3129; x_wconf 90' lang='lat' dir='ltr'>quos</span> <span class='ocrx_word' id='word_1_249' title='bbox 858 3051 948 3111; x_wconf 86' lang='lat' dir='ltr'>attuli</span> <span class='ocrx_word' id='word_1_250' title='bbox 969 3053 1060 3131; x_wconf 88' lang='lat' dir='ltr'>petiti</span> <span class='ocrx_word' id='word_1_251' title='bbox 1080 3054 1144 3114; x_wconf 88' lang='lat' dir='ltr'>sint</span> 
     </span>
     <span class='ocr_line' id='line_1_35' title="bbox 179 3134 1144 3214; baseline 0.002 -18"><span class='ocrx_word' id='word_1_252' title='bbox 179 3156 219 3196; x_wconf 83' lang='lat' dir='ltr'>ex</span> <span class='ocrx_word' id='word_1_253' title='bbox 232 3137 343 3197; x_wconf 89' lang='lat' dir='ltr'>tralato</span> <span class='ocrx_word' id='word_1_254' title='bbox 356 3136 535 3201; x_wconf 82' lang='lat' dir='ltr'>Callimachi</span> <span class='ocrx_word' id='word_1_255' title='bbox 549 3155 642 3214; x_wconf 90' lang='lat' dir='ltr'>opere</span> <span class='ocrx_word' id='word_1_256' title='bbox 658 3134 697 3195; x_wconf 92' lang='lat' dir='ltr'>de</span> <span class='ocrx_word' id='word_1_257' title='bbox 707 3155 793 3195; x_wconf 89' lang='lat' dir='ltr'>coma</span> <span class='ocrx_word' id='word_1_258' title='bbox 803 3135 978 3210; x_wconf 90' lang='lat' dir='ltr'>Berenices,</span> <span class='ocrx_word' id='word_1_259' title='bbox 995 3136 1144 3199; x_wconf 85' lang='lat' dir='ltr'>credibile</span> 
     </span>
     <span class='ocr_line' id='line_1_36' title="bbox 180 3218 1143 3300; baseline 0.005 -21"><span class='ocrx_word' id='word_1_260' title='bbox 180 3228 226 3280; x_wconf 92' lang='lat' dir='ltr'>est</span> <span class='ocrx_word' id='word_1_261' title='bbox 247 3222 395 3300; x_wconf 89' lang='lat' dir='ltr'>praeiisse</span> <span class='ocrx_word' id='word_1_262' title='bbox 415 3221 474 3281; x_wconf 91' lang='lat' dir='ltr'>hoc</span> <span class='ocrx_word' id='word_1_263' title='bbox 500 3228 534 3278; x_wconf 92' lang='lat' dir='ltr'>ut</span> <span class='ocrx_word' id='word_1_264' title='bbox 558 3220 619 3280; x_wconf 87' lang='lat' dir='ltr'>alia</span> <span class='ocrx_word' id='word_1_265' title='bbox 640 3220 739 3298; x_wconf 89' lang='lat' dir='ltr'>poetis</span> <span class='ocrx_word' id='word_1_266' title='bbox 760 3218 881 3280; x_wconf 88' lang='lat' dir='ltr'>Latinis</span> <span class='ocrx_word' id='word_1_267' title='bbox 902 3219 1143 3284; x_wconf 83' lang='lat' dir='ltr'>Alexandrinos.</span> 
     </span>
     <span class='ocr_line' id='line_1_37' title="bbox 178 3303 1141 3384; baseline 0.005 -22"><span class='ocrx_word' id='word_1_268' title='bbox 178 3305 298 3364; x_wconf 86' lang='lat' dir='ltr'>Tamen</span> <span class='ocrx_word' id='word_1_269' title='bbox 326 3303 411 3384; x_wconf 88' lang='lat' dir='ltr'>apud</span> <span class='ocrx_word' id='word_1_270' title='bbox 439 3303 589 3382; x_wconf 78' lang='lat' dir='ltr'>Quintum</span> <span class='ocrx_word' id='word_1_271' title='bbox 609 3322 661 3376; x_wconf 84' lang='lat'>111,</span> <span class='ocrx_word' id='word_1_272' title='bbox 688 3304 748 3364; x_wconf 77' lang='lat' dir='ltr'>ost</span> <span class='ocrx_word' id='word_1_273' title='bbox 779 3303 977 3365; x_wconf 89' lang='lat' dir='ltr'>scribendum</span> <span class='ocrx_word' id='word_1_274' title='bbox 1003 3307 1141 3367; x_wconf 88' lang='lat' dir='ltr'>existimo</span> 
     </span>
     <span class='ocr_line' id='line_1_38' title="bbox 177 3383 1142 3470; baseline 0.004 -22"><span class='ocrx_word' id='word_1_275' title='bbox 177 3383 333 3464; x_wconf 79' lang='grc' dir='ltr'>μεγάλοιο</span> <span class='ocrx_word' id='word_1_276' title='bbox 354 3383 428 3450; x_wconf 86' lang='grc' dir='ltr'><strong>κατ’</strong></span> <span class='ocrx_word' id='word_1_277' title='bbox 448 3383 592 3467; x_wconf 82' lang='grc' dir='ltr'>αἰθέρος,</span> <span class='ocrx_word' id='word_1_278' title='bbox 620 3388 699 3448; x_wconf 88' lang='lat' dir='ltr'>sicut</span> <span class='ocrx_word' id='word_1_279' title='bbox 721 3387 795 3449; x_wconf 86' lang='lat' dir='ltr'>alibi</span> <span class='ocrx_word' id='word_1_280' title='bbox 816 3408 937 3470; x_wconf 89' lang='lat' dir='ltr'>semper</span> <span class='ocrx_word' id='word_1_281' title='bbox 963 3388 1056 3452; x_wconf 88' lang='lat' dir='ltr'>idem.</span> <span class='ocrx_word' id='word_1_282' title='bbox 1092 3389 1142 3452; x_wconf 80' lang='lat' dir='ltr'>Of.</span> 
     </span>
     <span class='ocr_line' id='line_1_39' title="bbox 177 3471 768 3554; baseline 0.01 -24"><span class='ocrx_word' id='word_1_283' title='bbox 177 3481 210 3531; x_wconf 86' lang='lat' dir='ltr'>et</span> <span class='ocrx_word' id='word_1_284' title='bbox 224 3490 272 3545; x_wconf 89' lang='lat'>111,</span> <span class='ocrx_word' id='word_1_285' title='bbox 289 3472 360 3531; x_wconf 85' lang='grc'>665.</span> <span class='ocrx_word' id='word_1_286' title='bbox 377 3472 438 3531; x_wconf 84' lang='grc'>708</span> <span class='ocrx_word' id='word_1_287' title='bbox 454 3471 503 3531; x_wconf 89' lang='lat' dir='ltr'>ed.</span> <span class='ocrx_word' id='word_1_288' title='bbox 519 3473 768 3554; x_wconf 84' lang='lat' dir='ltr'>Tychsenianae.</span> 
     </span>
    </p>
   </div>
   <div class='ocr_carea' id='block_1_6' title="bbox 0 0 1290 4022">
    <p class='ocr_par' dir='ltr' id='par_1_9' title="bbox 0 0 1290 4022">
     <span class='ocr_line' id='line_1_40' title="bbox 0 0 1290 4022; baseline 0 0"><span class='ocrx_word' id='word_1_289' title='bbox 0 0 1290 4022; x_wconf 95' lang='lat' dir='ltr'> </span> 
     </span>
    </p>
   </div>
  </div>
 </body>
</html>
