2570 4022
496 180 710 240 PRAEFATIO.
1030 181 1088 238 vn

114 332 196 399 inde
220 353 412 422 prompsere
438 332 527 400 dooti
554 335 626 400 sive
646 342 795 422 promont
816 334 974 401 subsidiis
1000 333 1085 399 nihil

114 417 186 482 fere
206 417 252 483 od
265 419 398 485 Horatii
419 419 563 483 earmina
577 418 738 485 commodi
757 428 991 519 proventurum
1012 440 1084 484 esse

116 502 273 568 existimo
287 502 353 568 nisi
367 511 405 567 ut
418 503 460 567 de
474 502 633 569 Mavortii
647 523 837 569 reoeusrone
851 504 970 570 certius
986 522 1084 589 quam

115 586 276 652 haetenus
297 586 377 652 lieet
397 585 537 652 iudicari
558 588 673 675 possit.
717 585 826 669 Quam
846 597 959 653 tamen
979 587 1085 674 ipsam
1112 636 1116 639 -

116 671 183 736 nisi
210 669 423 736 vehementer
444 669 541 738 fallor
561 671 733 759 apparebit
754 670 814 738 tali
840 670 989 738 doctrina
1009 669 1084 737 tali·

115 775 181 840 que
206 753 346 822 oonsilio
373 776 446 820 esse
473 756 657 821 institutam
677 777 741 844 quo
773 753 844 843 pler
905 776 946 821 ue
972 776 1083 821 omnes

114 841 314 929 διορθψσεις
345 839 541 927 scriptorum
571 836 764 906 Latinorum
796 859 872 906 eaeo
908 839 916 855 ‘
969 848 1085 927 quarto

116 925 234 1009 quinto
260 932 356 990 sexto
376 923 501 1007 saetae,
526 945 603 988 nem
627 945 646 989 e
671 925 768 991 utin
791 921 922 990 frivolis
949 922 1018 987 fere
1045 944 1086 986 ao

117 1006 239 1074 nullius
265 1009 424 1075 momenti
444 1009 536 1074 vitiis
554 1018 591 1075 to
617 1009 711 1074 endis
737 1007 932 1075 subsisteret
952 1005 1084 1073 Mavor-

116 1092 200 1174 tius,
235 1101 339 1180 utque
370 1091 457 1159 looos
490 1091 692 1159 difficiliores
723 1093 754 1157 oi
784 1091 882 1159 modo
909 1100 1085 1193 temptaret

116 1186 340 1326 rerum
366 1176 1083 1348 sutram

504 1309 513 1343 5

117 1344 382 1410 membranarum
394 1344 603 1411 multitudine
617 1344 715 1411 iaeile
735 1366 795 1411 nos
815 1344 859 1410 ad
880 1343 1085 1411 emendenda

118 1428 223 1494 verba
252 1428 366 1495 Flaooi
400 1453 440 1495 su
481 1428 614 1495 medere
688 1450 743 1496 sse
773 1430 861 1495 euris
894 1430 963 1495 eius
995 1431 1083 1493 omni

118 1514 257 1600 pignore
282 1513 388 1579 ausim
409 1536 431 1579 a
445 1513 585 1579 firmare.
662 1518 743 1601 eque
765 1514 851 1579 enim
873 1514 987 1601 quinto
1009 1534 1083 1578 sex·

117 1608 196 1662 teve
209 1596 340 1663 saeculo
354 1618 408 1662 eas
424 1598 542 1687 quibus
556 1619 645 1665 nuno
658 1607 735 1664 sunt
750 1597 933 1664 deformata
952 1606 1085 1662 traxere

117 1681 210 1747 lebes
230 1681 296 1747 nisi
314 1681 493 1748 admodum
507 1703 628 1771 paneas
639 1680 771 1749 Horatii
792 1683 917 1769 scripta
937 1681 997 1747 sed
1010 1702 1084 1769 pro·

115 1767 219 1831 ximis
240 1774 317 1854 post
337 1768 446 1855 ipsum
465 1767 561 1832 annis
583 1784 641 1832 ux.

180 1883 265 1949 Erat
285 1882 344 1949 ubi
365 1883 619 1971 confugiendum
640 1884 810 1950 videretur
830 1883 875 1948 ad
895 1883 1084 1972 grammati·

116 1988 231 2033 eorum
250 1967 323 2033 sive
338 1967 586 2035 scholiastamm
604 1969 802 2034 testimonia.

180 2076 254 2142 Iam
275 2074 409 2142 Horatii
436 2075 532 2143 libris
554 2078 626 2142 sive
648 2076 852 2179 explicandis
875 2077 948 2143 sive
976 2097 1084 2142 emen·

117 2159 237 2225 dandis
268 2181 343 2225 eum
369 2180 390 2225 a
417 2164 540 2226 renatis
573 2161 652 2226 inde
678 2161 797 2228 litteris
826 2182 958 2226 oeram
983 2179 1105 2235 nava<

117 2245 184 2310 rint
197 2242 347 2332 plurimi,
370 2245 493 2310 saeculi
514 2246 721 2333 potissimum
735 2245 822 2309 sexti
862 2246 957 2308 eoimi
972 2245 1080 2308 docto·

115 2350 189 2395 rum
202 2336 241 2393 ut
253 2337 334 2417 puta
349 2327 511 2411 Fabricii,
533 2328 704 2412 Lambini,
726 2326 882 2415 Oruquii,
905 2326 1083 2409 Torrentii,

117 2411 290 2478 Pulmanni
316 2410 455 2479 aliorum
486 2412 649 2479 industria
674 2420 829 2499 congesta
859 2419 936 2476 suut
964 2410 1083 2499 quibus

140 2504 233 2563 ostea
253 2497 349 2584 quasi
362 2497 496 2585 publiea
518 2508 551 2563 et
573 2497 736 2563 communi
757 2497 894 2561 materia
914 2505 1084 2562 uterentur

116 2519 270 2664 iitterati,
293 2583 489 2669 quicumque
507 2583 594 2648 eirca
607 2581 722 2646 Flaooi
743 2581 887 2646 carmine
900 2579 1083 2646 haererent.

117 2664 243 2730 Horum
263 2664 496 2814 plerosqueut
515 2666 665 2731 doctrina
684 2667 732 2730 ita
751 2665 885 2750 ingenio
907 2663 1004 2750 longe
1026 2687 1082 2729 an-

115 2749 250 2814 teoessit
295 2750 451 2833 entlems,
470 2751 566 2815 ouius
587 2760 699 2815 tamen
718 2748 854 2815 inventa
875 2750 988 2815 statim
1008 2759 1083 2836 post

114 2834 244 2899 obitum
272 2835 343 2899 eius
376 2837 496 2900 omissa
527 2855 586 2922 per
616 2834 785 2920 ignaviam
810 2841 922 2900 nostro
951 2832 1084 2898 demum

115 2916 247 2984 saeculo
303 2939 345 2984 uo
371 2940 431 3005 par
463 2928 533 2985 erat
558 2917 681 2985 honore
707 2918 821 2983 haberi
855 2927 969 3005 coepta
996 2927 1082 2982 sunt.

116 3002 273 3069 Proxima
322 3003 396 3068 uiue
423 3012 499 3068 sunt
525 3002 615 3069 Petri
634 3001 851 3089 Peerloampii
879 3011 914 3067 et
939 3001 1083 3089 Augusti

116 3085 279 3151 Meinekii
299 3087 431 3169 merita,
461 3095 499 3151 ut
525 3095 634 3152 tamen
659 3085 748 3151 illius
771 3084 955 3173 detegendo
982 3086 1083 3152 errori

114 3191 216 3258 quam
235 3170 436 3237 inveniendo
458 3192 537 3237 vero
559 3172 729 3257 ingenium
747 3170 850 3237 fuerit
871 3173 991 3258 aptius.

179 3279 484 3346 Observeviautem
535 3265 877 3367 tissimum'exemplar
888 3281 953 3344 viri
964 3279 1083 3343 summi

113 3384 155 3427 ao
176 3366 321 3429 maxime
342 3385 486 3430 veneran
510 3365 523 3429 i
542 3365 687 3450 Augusti
709 3362 887 3444 Meinekii,
915 3372 952 3427 ut
973 3370 1084 3426 tamen

115 3446 301 3515 libertatem
328 3447 445 3514 iudicii
466 3468 563 3536 quam
584 3469 683 3536 saepe
704 3447 786 3514 alias
807 3445 1019 3533 probavimus
1041 3467 1085 3509 ne
