2570 4022
211 171 329 226 XXXIV
394 196 398 204 ⁴
586 167 799 226 PRAEFATIO.

212 331 352 410 exempla
378 331 474 410 plene¹
500 328 542 390 ad
568 348 633 389 rem
654 337 791 391 nostram
817 337 890 408 apta
917 331 1001 410 apud
1030 353 1082 394 eos
1110 357 1175 398 non

211 417 318 476 inveni
341 411 394 494 [cf.
412 412 447 474 O.
463 413 494 487 Ι,
518 413 573 486 32,
597 413 723 474 5-12.
759 412 855 475 Arch.
871 413 931 493 srg.
949 419 964 474 l
982 418 1032 477 ed.
1049 419 1174 500 Bergk,

210 495 377 562 Anacreon
400 499 441 560 94
456 494 527 577 ib.].

274 603 321 658 111,
339 584 389 658 27,
405 585 444 644 37
465 587 537 642 levis
558 598 617 641 une
631 599 709 640 mors
729 589 773 640 est
794 586 935 660 circinum
957 590 1071 660 eulpae.
1102 588 1174 649 Imi-

211 680 293 730 tatus
322 676 368 731 cst
394 667 559 728 Petronius
585 685 612 726 c.
635 667 695 726 108
724 664 770 725 ‘ei
797 666 886 740 mihi,
917 668 983 730 lata
1008 670 1064 731 hos
1092 673 1177 733 inter

211 756 319 815 fluctus
334 753 403 832 quis
418 760 524 832 ruptus
539 757 648 811 evocet
662 751 768 823 armis,
792 751 841 810 cui
863 771 927 811 non
949 762 996 813 est
1010 775 1090 815 mors
1111 777 1176 816 una

211 838 325 900 satisl'
349 839 410 898 nisi
431 837 532 916 potius
555 836 705 913 expressit
725 834 880 915 Propertii
900 836 979 898 illud
1002 832 1052 918 [ἣ
1069 841 1098 914 4,
1119 837 1174 919 17]

213 927 263 984 ‘et
283 923 357 985 satis
379 942 443 981 una
456 918 556 981 melae
570 920 671 999 potuit
691 939 770 979 mors
793 939 861 980 esse
875 922 1027 1001 puellae’.
1059 922 1175 1005 Quam-

212 1029 304 1090 quam
325 1006 487 1066 fatendum
507 1004 686 1064 imitationis
705 1003 860 1084 Propertii
880 1007 1065 1085 paucissimo
1086 1029 1176 1088 pruc-

211 1104 259 1155 ter
272 1086 431 1152 Nasonem
452 1089 555 1151 sorix
575 1088 640 1148 ulla
661 1087 745 1168 apud
766 1098 874 1169 poetas
888 1090 1017 1152 Latinos
1039 1095 1093 1171 qui
1108 1095 1175 1173 qui·

213 1179 283 1239 dem
304 1183 411 1253 extant
431 1172 539 1234 haberi
560 1174 712 1252 exempla.
751 1234 766 1252 ,
905 1246 907 1250 .

274 1261 427 1334 111,28,11
445 1267 503 1318 tum
517 1276 609 1318 eursu
624 1264 738 1318 recines
750 1263 834 1335 iera,-
849 1259 937 1320 ‘tum'
947 1260 1174 1336 Lachmannus‚

212 1349 269 1407 ‘tn’
284 1342 366 1406 libri.
391 1375 426 1388 -
453 1341 597 1404 Ceterum
609 1341 665 1403 illa
681 1341 819 1417 Cnidon,
837 1343 996 1419 Cnidium,
1016 1344 1173 1420 Gnosium,

212 1450 343 1512 cycnum
356 1429 441 1509 quod
454 1428 569 1507 ubique
584 1435 848 1507 repraesentamus
862 1429 921 1489 hac
935 1430 1087 1504 editione,
1111 1451 1176 1492 non

211 1517 344 1577 metricis
364 1523 485 1574 tantum
505 1512 677 1572 rationibus
698 1510 840 1591 perducti
861 1533 913 1574 eas
928 1514 1041 1575 formas
1064 1515 1175 1595 proba-

210 1603 323 1674 vimus,
352 1599 407 1660 sed
429 1598 504 1677 quia
523 1605 558 1657 ut
580 1595 789 1658 Graecanicae
816 1599 912 1677 magis
935 1601 1103 1663 convenire
1130 1601 1174 1660 vi-

213 1684 367 1746 debantur
389 1682 517 1743 carmini
537 1681 658 1742 melico.

274 1788 323 1841 111,
340 1769 390 1841 29,
408 1769 426 1827 6
448 1784 485 1826 ne
506 1783 621 1840 semper
642 1768 728 1824 udum
746 1768 835 1825 Tibur
856 1774 884 1825 et
905 1769 1041 1842 Aefulae.
1073 1767 1176 1847 Vulgo

116 1876 119 1884 ’
212 1852 381 1925 ‘Aesulae’,
396 1851 453 1912 sed
466 1849 604 1912 videnda
618 1869 698 1930 quae
711 1849 861 1910 Aemilius
876 1851 1026 1912 Huebner
1041 1850 1176 1914 Hermes

210 1938 236 2012 Ι,
260 1939 322 1997 426
345 1936 475 1998 notavit.

275 2020 311 2082 O.
326 2039 387 2095 1111,
405 2025 432 2094 1,
450 2022 468 2079 9
484 2040 551 2101 sqq.
574 2022 767 2095 tempestivius
787 2024 817 2079 in
832 2022 943 2080 domum
957 2021 1059 2080 Paulli
1074 2052 1112 2062 —
1128 2039 1175 2081 co·

210 2110 367 2166 missebere
388 2107 522 2165 Maximi,
557 2105 607 2166 Ita
630 2126 648 2165 a
669 2104 805 2165 Bentleii
825 2104 900 2164 iudo
920 2113 1059 2184 tempore
1081 2104 1175 2184 vulgo

209 2192 363 2253 scribitur.
395 2190 659 2250 Huiuslectionis
681 2189 923 2269 petroniusque
953 2191 1100 2269 ingerunt
1123 2189 1175 2249 de·

211 2285 367 2341 canutum
387 2274 465 2335 illud
488 2269 667 2348 ‘enudetur
686 2269 762 2334 ποτὶ
780 2270 839 2335 τὰν
855 2268 1099 2350 'Apoecidich
1134 2273 1177 2332 Et

211 2362 320 2423 eadem
340 2379 416 2420 sane
437 2359 665 2419 constructione
686 2358 810 2437 saepius
831 2353 987 2434 κωμάζειν
1014 2359 1176 2418 invenitur

211 2446 294 2524 apud
316 2446 479 2524 scriptores
495 2442 641 2507 Graecos.
669 2442 736 2504 Nec
750 2451 854 2502 tamen
869 2461 950 2521 quae
972 2441 1011 2502 ab
1026 2443 1089 2504 illis
1104 2462 1174 2521 pro-

210 2531 323 2589 bantur
343 2529 445 2588 statim
471 2527 644 2607 ingerenda
665 2528 786 2606 scriptis
808 2527 945 2605 Latinis;
975 2547 1047 2587 nam
1069 2546 1108 2586 ex
1128 2527 1177 2587 his

211 2633 290 2692 quae
313 2613 416 2674 attulit
430 2613 467 2672 B.
489 2613 576 2673 velut
595 2612 703 2672 similis
724 2632 799 2672 usus
822 2613 964 2691 exempla
978 2612 1019 2671 ad
1034 2630 1097 2671 rem
1112 2631 1176 2670 nou

211 2699 338 2758 faciunt.
372 2698 539 2758 Praeterea
554 2697 697 2776 displicet
717 2706 842 2777 receptu
862 2697 954 2757 lectio
968 2705 1095 2775 propter
1109 2703 1175 2755 tau-

209 2783 369 2862 tologiam:
393 2799 465 2845 nam
478 2782 582 2843 stetim
595 2790 806 2862 praecesserat
820 2779 888 2840 ‘abi
903 2799 963 2859 quo
977 2780 1113 2841 blandae
1129 2781 1176 2839 iu·

209 2887 323 2928 venum
349 2875 380 2927 te
408 2875 554 2927 revocant
580 2867 715 2947 preces'.
765 2863 895 2926 Codices
921 2864 1039 2926 habent
1065 2865 1177 2944 partim

210 2955 335 3025 domum,
357 2953 469 3030 partim
483 2956 578 3025 domo,
601 2959 637 3012 ut
654 2948 732 3011 illud
746 2948 983 3030 Porphyrionis,
1007 2950 1034 3010 si
1055 2948 1177 3029 Paulyo

209 3034 301 3109 fides,
323 3036 383 3095 hoc
403 3034 534 3112 Acronis
556 3036 738 3097 auctoritate
758 3034 903 3094 firmetur.
939 3033 1095 3113 Equidem
1116 3035 1178 3092 uisi

210 3120 303 3180 fallor
327 3119 475 3182 Horatius
501 3122 623 3200 scripsit
649 3119 787 3192 ‘domun
821 3137 901 3199 quae
928 3118 1051 3199 saepius
1078 3117 1178 3178 forma

210 3205 304 3264 simili
327 3204 500 3285 corruptela
522 3213 569 3266 est
591 3204 771 3266 deformata.

273 3288 321 3348 Ib.
338 3290 389 3349 16.
411 3288 495 3351 Vere
509 3297 544 3349 ut
557 3297 632 3366 puto
647 3286 823 3348 Meinekius
845 3286 926 3348 ‘late
941 3287 1073 3347 militiae
1086 3287 1179 3366 sigua

210 3371 291 3517 fedret
311 3375 412 3516 tppe'p
441 3373 507 3435 sive
530 3373 571 3433 ‘l.
593 3391 618 3434 s.
639 3380 663 3436 t.
686 3392 725 3432 m.
749 3373 784 3435 f.’
829 3370 910 3435 Vide
933 3391 1012 3450 quae
1035 3380 1178 3433 notamus

210 3477 230 3517 a
273 3475 294 3532 1,
361 3502 368 3531 ,
415 3503 422 3517 .
