2570 4022
403 201 453 257 Du
470 201 605 261 nutele
620 202 854 262 HORA'I'IANIS.
1045 202 1107 260 mx

140 379 236 438 quam
249 360 465 441 monosyllabo
482 370 536 422 sut
548 362 784 443 tetrasyllabum
792 363 920 425 verbum
933 382 988 425 seu
1000 369 1109 469 penta·

139 444 299 523 syllabam
317 452 354 505 ut
375 453 450 524 puta
471 448 515 506 sic

211 546 262 592 ant
278 542 350 593 alius
368 556 448 593 casus
465 540 539 594 lecto
555 547 584 594 ts
602 542 707 595 adfluit.
725 544 813 596 habes
830 546 875 612 qut

209 610 257 661 hic
276 610 375 667 (labat,
393 610 510 660 heredes
526 617 730 663 mouumentum
746 627 781 663 ne
798 619 950 679 comeretur

211 677 421 731 ambubaiarum
439 678 572 744 collegia,
589 681 817 745 pharmocopolae,

139 764 292 824 Horatius
318 783 382 823 non
408 764 505 843 magis
527 781 618 843 quam
639 763 774 824 Lucilius
801 773 832 826 et
853 765 1013 826 Lucretius
1041 785 1109 828 eam

141 850 223 927 fugit
238 848 455 921 offensionem,
476 849 624 927 fugeruut
637 846 793 927 Vergilius
808 834 840 909 et
853 851 951 928 magis
966 847 1106 910 Ovidius

141 933 210 993 Nec
231 931 311 992 illud
324 931 415 993 bonis
436 931 584 1011 probetur
620 933 711 1006 ostis,
734 935 761 993 si
776 934 887 1013 quinte
901 934 997 997 thesis
1018 952 1107 994 voca-

138 1016 215 1076 bulo
231 1020 352 1076 constet
367 1015 519 1096 disyllabo
535 1025 588 1076 aut
597 953 680 1075 linia
696 1015 889 1098 dispescatur
902 1017 1005 1078 verbis
1019 1035 1108 1096 prae·

140 1101 256 1162 cedere
276 1100 347 1180 plus
368 1118 461 1183 quam
481 1099 728 1180 monosyllabum
750 1102 790 1162 ad
811 1101 894 1165 hunc
915 1101 1039 1163 modum

210 1182 357 1233 demoveat
374 1182 450 1233 lucro
468 1196 558 1247 neque
576 1183 664 1233 hiems
681 1184 747 1247 lavata
763 1196 834 1234 mare
852 1184 955 1234 forrum

211 1250 261 1315 qui
279 1250 398 1315 stupet
390 1264 420 1298 m
436 1249 529 1300 titulis
546 1254 576 1300 at
593 1251 752 1315 hufflatta
769 1252 838 1316 quod
853 1256 971 1317 oportet.

141 1334 304 1407 ⁷videnda,
328 1352 408 1414 quae
431 1335 462 1395 d.
483 1353 509 1394 r.
531 1356 571 1394 m.
593 1354 667 1415 pgg.
685 1336 853 1397 218-222
875 1336 1087 1417 disseruimus.

206 1418 455 1498 Spondianontes
488 1434 608 1498 sempor
638 1419 839 1499 tetrasyllabo
871 1420 966 1481 verbo
1000 1422 1109 1481 clausit

141 1504 273 1564 Flaccus
296 1496 343 1582 [d.
364 1524 390 1564 r.
412 1518 451 1563 m.
476 1501 671 1583 222-224].

204 1619 287 1683 IIII.
324 1619 358 1681 si
379 1622 479 1681 exiret
498 1618 627 1683 verbum
647 1622 681 1681 in
703 1621 841 1685 vocalem
861 1623 926 1683 sive
948 1643 979 1682 m
1001 1639 1108 1683 conso-

141 1726 215 1766 nam
242 1711 392 1785 sequente
413 1705 514 1766 vocali
534 1706 586 1765 vel
606 1705 627 1764 h
647 1706 766 1780 littera,
794 1707 953 1787 proprium
975 1707 1034 1766 fuit
1055 1726 1129 1768 ve·-

141 1798 243 1851 terum
262 1789 470 1849 Romanorum
498 1789 654 1850 obscurari
674 1791 889 1869 praecedentis
910 1793 994 1851 vocis
1016 1791 1109 1851 finem

141 1873 374 1953 pronuntiando
396 1874 538 1949 necuim
558 1875 694 1935 retinere
716 1874 750 1934 iu
771 1883 878 1936 metro.
907 1875 986 1937 Eam
1007 1877 1108 1934 minus

141 1967 226 2019 recte
246 1966 362 2020 vocant
381 1958 550 2021 elisionem.
592 1957 704 2037 Itaque
725 1960 760 2018 in
781 1979 872 2021 versu
893 1967 929 2021 ut
949 1966 1026 2040 puta
1042 1958 1108 2019 Ma·

142 2044 228 2104 ronis
248 2041 305 2102 tali

210 2124 309 2176 littora
326 2159 333 2174 .
350 2122 464 2175 multum
479 2121 530 2176 ille
549 2127 578 2175 et
596 2124 677 2175 terris
695 2125 816 2176 iactatus
834 2128 863 2176 et
880 2123 939 2178 alto

141 2211 184 2272 sd
204 2209 302 2289 pedes
324 2209 530 2273 conficiendos
550 2210 630 2272 haec
649 2217 770 2273 tautum
790 2210 949 2289 pertinent

209 2292 316 2343 littora.
331 2291 401 2347 mult
416 2292 450 2342 ill
468 2298 496 2342 et
514 2295 596 2343 terris
614 2293 737 2345 iactatus
756 2296 785 2343 et
803 2291 871 2342 alto.

144 2377 290 2441 Ceterum
315 2385 351 2438 ut
371 2378 434 2453 iam
458 2378 596 2439 indicavi
622 2378 748 2455 minime
770 2378 889 2453 evenit,
919 2377 975 2437 tali
1003 2378 1108 2439 condi·

141 2464 236 2523 cione
244 2471 282 2525 ut
290 2462 375 2541 prior
384 2462 499 2523 vocalis
513 2464 639 2523 omuino
655 2463 841 2525 eximeretur.
854 2461 986 2523 dicendo
1004 2460 1109 2543 (quem

141 2555 248 2608 tamen
276 2547 414 2609 amisisse
440 2546 589 2623 videntur
610 2566 671 2626 que
697 2566 737 2607 ve
759 2566 799 2608 ne
824 2546 1024 2629 particulae),
1053 2548 1109 2609 sed

142 2639 178 2690 ut
198 2632 361 2707 imminute
381 2630 608 2709 quadamtenus
630 2631 725 2692 coiret
747 2631 1024 2710 cum'iusequeuti.

206 2715 369 2791 Facillima
397 2723 444 2775 est
460 2716 559 2776 elisio
583 2716 618 2774 in
644 2715 731 2777 finali
757 2714 845 2775 brevi
872 2736 890 2776 a
916 2715 967 2776 vel
988 2717 1014 2793 ir
1044 2734 1108 2777 non

142 2799 276 2878 perinde
295 2796 446 2878 probatur
465 2801 500 2861 in
522 2821 555 2873 e,
580 2819 612 2875 03
636 2819 673 2859 ac
687 2801 796 2861 miuus*
811 2800 905 2860 etiam
924 2800 959 2865 ia
981 2800 1108 2880 eis'syl-

141 2882 222 2943 labis
244 2902 338 2962 quoe¹
353 2903 384 2942 m
403 2883 509 2945 littera
534 2883 693 2945 finiuntur.
735 2883 906 2949 Plurimum
932 2884 1109 2961 offensionis

142 2966 262 3027 habent
282 2968 395 3046 longae
416 2968 539 3029 vocales
561 2968 666 3027 elisae.
700 2967 867 3037 Praeterea
888 2971 986 3047 magis
1007 2968 1110 3048 placet

143 3051 305 3121 elisionem
325 3052 424 3124 illam,
447 3053 514 3112 sive
533 3051 690 3132 syuizesin
714 3051 817 3113 dicere
838 3054 949 3126 mauu,
973 3053 1039 3113 fieri
1059 3071 1108 3112 se·

142 3143 259 3213 quente
280 3136 376 3215 longe
397 3155 490 3216 quam
509 3135 605 3197 brevi.
642 3142 646 3163 ³

209 3218 451 3299 (improprius
474 3221 584 3281 fuisset
611 3219 649 3280 sb
671 3221 884 3300 antiquissima
910 3221 985 3281 inde
1006 3226 1109 3281 aetate

143 3303 271 3382 linguae
291 3304 408 3364 latinae
429 3305 570 3365 modulus
592 3324 683 3384 quem
706 3306 768 3366 dixi
795 3304 944 3382 iungendi
973 3305 1054 3363 inter
1075 3323 1109 3363 se

143 3387 281 3465 vocales,
311 3407 376 3448 uon
403 3390 473 3448 crit*
487 3390 596 3449 mirum
623 3391 780 3449 scaenicos
801 3389 1009 3448 Romanorum
1036 3406 1108 3466 poe·

145 3477 207 3544 tes,
223 3479 266 3531 vut
285 3474 339 3551 qui
359 3474 481 3552 vulgari
501 3468 691 3553 potissimum
718 3469 982 3547 accommodarent
1003 3490 1109 3531 versus
