2600 4026
16 3618 18 3661 Ι

16 3838 18 3893 Ι
101 3912 107 3925 .

16 3900 243 3997 lfflsstl..

321 793 870 899 OARMINVM

426 993 539 1051 LIBER
556 994 754 1053 SECVNDVS.

587 1165 617 1243 L

250 1262 393 1362 Motum
414 1318 453 1362 ex
474 1297 605 1363 Metello
628 1299 759 1364 consule
780 1300 914 1369 civicum
1049 1317 1053 1327 '

249 1377 393 1465 Bellique
414 1402 524 1447 causas
547 1385 580 1446 et
599 1382 677 1448 vitia
698 1386 731 1448 et
751 1385 863 1450 modos

294 1463 479 1548 Ludumque
500 1466 647 1531 fortunae
668 1489 843 1552 gravesque

343 1547 528 1634 Principum
549 1550 704 1616 amicitias
727 1554 760 1616 et
780 1573 867 1617 arma
957 1581 960 1588 ·

248 1680 399 1746 Nondum
420 1684 554 1768 expiatis
574 1687 672 1750 uncta
694 1686 872 1772 cruoribus,
1067 1700 1083 1750 o

248 1763 448 1833 Periculosae
468 1768 599 1852 plenum
621 1791 701 1854 opus
723 1771 809 1836 aleae
815 1820 825 1853 ‚

294 1849 425 1915 ltaetas
447 1854 480 1916 et
499 1853 620 1919 incedis
641 1876 699 1952 per
720 1854 812 1939 ignes

345 1933 534 2019 Suppositos
558 1938 659 2002 einen
678 1938 800 2004 doloso.

248 2067 394 2134 Paullum
416 2091 542 2135 severae
564 2071 656 2136 Musa
677 2073 859 2158 tragoediae

247 2150 341 2218 Desit
360 2152 509 2220 theatris:
531 2176 606 2220 mox
625 2156 681 2220 ubi
701 2157 845 2240 publicas
1050 2173 1083 2222 10

293 2237 356 2302 Res
378 2238 549 2321 ordinaris,
571 2239 692 2323 grande
713 2261 830 2304 munus
940 2250 942 2253 ’
1147 2253 1150 2257 ’

344 2319 498 2407 Cecropio
519 2326 643 2408 repetes
665 2323 837 2406 cothurno,

246 2454 377 2542 Insigne
397 2459 526 2523 maestis
547 2458 739 2542 praesidium
760 2458 823 2522 reis

246 2539 291 2605 nt
313 2541 506 2626 consulenti,
528 2542 635 2625 Poli0,
659 2541 787 2625 curiae,

294 2625 352 2691 Cui
373 2625 480 2691 lamus
503 2630 649 2692 aeternos
670 2626 809 2691 honores
1050 2641 1081 2691 15

341 2707 520 2775 Delmatico
542 2711 665 2797 peperit
687 2711 858 2795 triumpho.

246 2840 315 2908 Iam
334 2865 422 2910 nuno
441 2844 559 2910 minaci
580 2868 739 2911 murmure
762 2866 915 2911 cornuum

246 2925 388 2992 Perstrin
412 2929 440 2994 is
462 2951 568 3013 aures,
590 2931 653 2993 iam
675 2929 747 2994 litui
769 2933 928 3015 strepunt,

291 3011 360 3076 lam
381 2951 490 3098 idlgor
511 3034 670 3079 armorum
691 3013 821 3098 fugaces

342 3095 455 3162 Terret
476 3119 573 3182 equos
596 3097 799 3183 equitumque
820 3099 935 3162 voltus.
1047 3111 1081 3159 ao

246 3230 365 3296 Audire
386 3253 521 3317 magnos
542 3233 607 3297 iam
627 3232 737 3297 videor
759 3232 870 3316 duces,

246 3312 321 3380 Non
341 3315 492 3381 indecoro
513 3317 642 3401 pulvere
664 3316 824 3400 sordidos,

291 3398 336 3464 Et
356 3404 471 3466 cuncta
491 3405 646 3476 terrarum
668 3400 798 3465 subacta

330 3483 471 3549 ⁴Praeter
492 3489 631 3551 atrocem
652 3486 794 3566 animum
811 3482 951 3549 (latonia.
1056 3522 1059 3527 ·
