2610 4028
196 213 257 280 162
365 218 371 227 ²
572 212 783 270 summm
1098 211 1166 286 [111

190 394 228 443 ct
260 380 426 449 Autumat.
469 376 559 442 Haec
579 375 732 461 populos,
759 373 838 440 haec
858 393 993 462 magnos
1019 373 1165 439 formula.

259 548 404 631 Excepto
427 544 584 630 sapiente,
605 545 703 609 tenet.
746 480 986 627 Nurrrecgeaia'cipe²
1009 563 1107 627 quare
1301 482 1302 535 3

258 631 428 716 Desipiant
449 650 560 694 omnes
639 649 679 694 ue
701 647 738 692 ae
759 629 809 711 tu,
831 627 886 711 qui
906 628 966 691 tibi
986 647 1107 692 nomen

258 716 379 780 insano
400 734 544 799 posuere.
587 712 686 777 Veut
706 711 809 793 silvis,
830 711 887 775 ubi
966 711 1027 775 sim

257 800 408 867 Palantes
430 819 518 863 error
540 799 626 862 certo
649 795 688 860 de
708 795 837 861 tramite
881 816 898 859 e
926 795 963 879 t,

86 948 92 959 ,
195 897 230 947 50
262 883 322 949 Ille
333 879 562 964 sinistrorsum,
577 880 871 947 hiodextrorsuma
891 879 928 962 it,
937 900 1021 943 unns
1031 878 1164 962 utrique

259 968 375 1051 Error,
397 966 453 1031 sed
473 965 571 1030 variis
591 964 710 1029 inludit
729 963 889 1048 partibus:
910 962 972 1027 hoc
992 965 1026 1027 te

259 1052 357 1117 Crede
378 1050 472 1115 modo
492 1050 657 1132 manuum,
678 1047 781 1113 nihilo
801 1050 839 1112 ut
859 1045 1035 1131 sapientior
1055 1046 1126 1130 ille,

259 1135 322 1213 Qui
341 1137 374 1199 te
396 1133 532 1216 deridet,
555 1131 689 1197 caudam
709 1130 825 1197 trahat.
861 1130 923 1196 Est
942 1151 1045 1216 mnus
1058 1151 1164 1196 unum

259 1218 420 1285 Stultitiae
440 1216 578 1282 nihilum
598 1215 769 1281 metuenda
787 1216 945 1298 timentis,
966 1218 1004 1279 ut
1024 1215 1133 1300 ignes,

194 1318 228 1367 65
260 1303 307 1369 Vt
325 1323 421 1387 rupea
441 1300 617 1385 fluviosque
637 1301 672 1365 in
694 1320 806 1384 campo
828 1299 957 1365 obstare
978 1301 1139 1383 queratur.
1301 1324 1302 1335 ¹

258 1389 406 1452 Alterum
427 1389 461 1450 et
479 1384 555 1450 huic
575 1406 686 1450 varum
700 1386 733 1449 et
753 1383 856 1448 nihilo
870 1383 1046 1468 sapientius
1066 1383 1163 1468 ignes
1301 1426 1302 1465 p

258 1472 320 1538 Per
340 1471 461 1537 medios
481 1469 657 1553 flumusque
678 1468 815 1534 ruentis:
838 1468 955 1532 clamet
974 1467 1077 1532 amica
1100 1512 1103 1513 ν
1301 1470 1302 1519 l

258 1555 377 1638 Mater,
403 1553 541 1619 honesta
561 1574 652 1620 soror
673 1574 746 1618 cum
767 1552 927 1638 cognatis,
953 1555 1057 1635 pater,
1078 1572 1165 1615 uxor
1301 1556 1302 1633 f

260 1639 335 1705 ‘Hie
355 1640 443 1704 fossa
457 1642 507 1703 est
526 1639 657 1724 ingena,
678 1637 785 1701 hiem
826 1636 1017 1701 amaxima:
1038 1638 1162 1701 serval'
1301 1638 1302 1721 ζ

195 1737 229 1788 oo
261 1724 338 1789 Non
358 1723 462 1808 magia
484 1721 633 1805 audierit,
657 1742 752 1805 quam
844 1742 881 1784 us
904 1720 1009 1786 ebrias
1030 1719 1124 1803 olim,

260 1807 342 1874 Cum
363 1807 499 1871 Ilionam
521 1806 670 1888 edormit,
694 1804 837 1871 Catienis
857 1804 945 1869 mille
968 1803 1113 1874 ducentis

261 1891 391 1974 ‘Metam
405 1894 438 1988 te
450 1889 588 1988 adpello’
612 1889 832 1954 clamantibus.
869 1887 954 1955 Huic
969 1909 1029 1973 ego
1043 1887 1165 1973 volgus
1301 1934 1302 1993 p

259 1975 370 2043 Emori
391 1974 529 2039 similem
551 1976 700 2038 cunctum
721 1973 862 2038 insanire
883 1972 1014 2038 docebo.

229 2057 233 2060 ’
259 2058 386 2123 Insanit
404 2061 527 2123 veteres
549 2061 671 2123 statuas
692 2056 905 2141 Damasippus
927 2057 1079 2121 emendo:

195 2155 230 2206 ot
261 2143 392 2241 integer
413 2145 462 2208 est
481 2143 598 2208 mentis
618 2140 806 2289 Damasippi
827 2140 985 2237 creditor?
1017 2139 1110 2205 Esto.

261 2229 392 2312 ‘Aeupe
407 2225 492 2310 quod
501 2247 676 2324 numquam
689 2225 745 2290 red
767 2246 803 2289 as
816 2224 908 2290 mihi’
923 2225 952 2289 ai
965 2216 1026 2289 tibi
1041 2224 1164 2290 dicam:
1301 2200 1302 2225 1

260 2311 350 2376 lime
371 2312 503 2375 insanus
525 2331 587 2375 ens
609 2332 637 2374 ει
658 2309 833 2395 acceperis,
861 2331 903 2373 an
923 2309 1026 2407 magis
1048 2329 1167 2374 excors

259 2395 391 2460 Reiecta
410 2394 544 2479 praeda,
567 2415 662 2478 quam
683 2414 833 2478 praesens
854 2393 1030 2458 Mercurius
1051 2392 1139 2459 fert?

259 2478 370 2545 Scribe
384 2479 493 2543 decem
507 2500 527 2542 a
540 2477 653 2544 Nerio:
675 2499 742 2542 non
756 2481 806 2543 est
820 2477 911 2563 satis3
933 2476 1014 2541 adde
1028 2475 1166 2542 Cicutae

194 2576 230 2625 το
261 2562 385 2628 Nodosi
405 2563 531 2626 tabulas
554 2565 695 2644 eentum,
717 2561 806 2626 mille
829 2561 909 2625 adde
932 2565 1075 2645 catenam

260 2646 404 2731 diffugiet
423 2650 533 2710 tamen
552 2645 631 2711 haec
653 2646 824 2711 sceleratus
845 2646 973 2711 vincula
993 2645 1140 2710 Proteus.

261 2729 343 2795 Cum
363 2731 468 2814 rapies
489 2729 595 2795 inias
616 2729 710 2794 malis
731 2730 889 2795 ridentem
911 2729 1038 2813 alienis,

259 2813 331 2879 Fiet
345 2836 435 2899 aper,
458 2814 552 2879 modo
568 2814 651 2898 avis,
673 2813 768 2878 modo
784 2835 896 2878 saxum
910 2818 956 2896 et,
979 2835 1051 2879 oum
1065 2813 1169 2898 volet,

806 2897 909 2964 arbor.

261 2980 296 3046 si
316 2982 400 3047 male
420 3004 489 3048 rem
510 3003 620 3068 gerere
641 2983 792 3064 insaniat,
815 2985 927 3047 contra
947 2982 1046 3064 bene,
1074 2984 1169 3050 sani:

197 3077 230 3127 75
261 3065 407 3130 Putidius
427 3067 529 3130 multo
550 3066 760 3149 cerebrumst,
783 3066 990 3150 mihicrede,
1013 3065 1127 3131 Perilli

261 3147 436 3233 Diotantis,
459 3150 544 3233 quod
564 3153 601 3213 tu
620 3170 795 3234 numquam
809 3150 982 3216 rescribere
1003 3151 1121 3234 possis.

259 3233 381 3299 Audire
402 3235 497 3317 atque
518 3237 629 3319 togam
649 3235 743 3299 iubeo
764 3256 957 3318 conponere,
980 3234 1128 3319 quisquis

259 3316 445 3382 Ambitione
466 3318 552 3381 mala
573 3321 628 3381 aut
648 3319 774 3404 argenti
795 3319 895 3401 pallet
916 3340 1039 3402 amore,

261 3399 410 3485 Quisquis
432 3400 557 3465 lunaria
576 3400 700 3465 tristive
722 3402 948 3486 superstitione

192 3493 231 3544 80
261 3484 330 3548 Aut
350 3484 412 3548 alio
433 3483 550 3549 mentis
571 3484 801 3572 morbosoalet3
823 3486 887 3551 hue
907 3485 1040 3571 propius
1062 3508 1138 3573 me,
