2570 4022
512 210 725 294 Perusino.
1061 236 1101 293 ιιι

135 397 252 457 iectura
273 393 433 457 Bentleius
455 394 600 469 evehere,
629 404 665 456 nt
685 394 759 456 alibi
780 394 864 457 idem
887 390 947 474 [111,
970 395 1021 467 24
1042 391 1100 475 44]

137 481 279 541 descrere
315 498 372 559 pro
399 471 554 553 deseritst
563 498 644 559 quae
670 479 835 558 displicent
867 479 1101 559 quadruplicata

137 565 288 626 elittera.
339 562 470 663 Legitur
496 562 621 643 quidem
646 563 730 624 infra
749 563 891 627 similiter
912 558 959 642 [1,
984 565 1013 639 6,
1038 560 1099 642 12]

137 649 231 727 culpa
256 647 432 708 deterere
423 648 546 727 ingeni,
575 667 635 708 nec
654 656 759 709 mmen
784 647 859 707 talia
879 655 994 709 temere
1020 647 1099 708 infe·

135 732 235 792 reuda
254 732 366 811 poetis.
410 727 461 791 ct.
483 731 514 792 d.
535 752 561 792 r.
583 751 623 791 m.
645 732 719 791 451.
1115 779 1117 784 .

198 834 225 889 1,
241 816 276 889 2,
293 815 419 875 9-12.
441 814 533 876 Hanc
546 816 702 895 stropham
711 824 748 876 ut
759 812 868 877 Ovidii
882 817 993 895 magis,
1015 815 1100 876 unde

135 920 176 961 ex
196 906 285 978 parte
307 899 400 960 ducta
422 908 469 960 est
483 894 570 978 [met.
584 917 607 973 1,
624 896 700 978 296]
723 918 815 979 quam
828 899 952 962 Horatii
971 899 1101 960 similem

95 1033 99 1041 .
138 980 339 1045 damnarint
358 982 535 1044 Meinekius
556 982 784 1064 Peerlcampius
805 984 870 1044 alii.

197 1067 246 1128 Ib.
268 1067 308 1126 21
328 1085 375 1147 sq.
404 1071 502 1127 audiet
530 1072 607 1128 cirac
633 1073 751 1128 acuisse
775 1070 891 1143 farrum
913 1087 969 1146 quo
994 1084 1101 1146 procer

137 1154 251 1212 Persae
272 1154 375 1211 melica
394 1157 536 1227 perirent.
570 1150 641 1213 Etsi
662 1152 810 1232 plercque
830 1154 864 1213 in
885 1153 945 1213 hoc
966 1152 1100 1213 carmine

136 1236 267 1310 iniuste,
294 1243 390 1315 utque
412 1235 504 1296 facile
525 1236 622 1315 possit
642 1235 758 1310 refelli,
787 1238 975 1317 suspectavit
994 1236 1100 1297 Peerl-

135 1320 1007 1484 promoturestituturum
1021 1320 1100 1420 ”¹¹2³

528 1447 537 1477 ,
709 1425 720 1464 1
920 1425 954 1467 er
986 1425 1038 1479 ur,
1066 1425 1099 1464 ru

136 1506 197 1567 quo
224 1506 342 1547 summa
361 1489 537 1550 sentcntiae
562 1489 707 1561 vortitur,
740 1497 815 1567 puta
841 1490 967 1551 ‘contra
988 1491 1099 1550 cires’.

136 1571 231 1650 Quod
258 1591 327 1632 cum
352 1572 397 1631 ita
417 1573 471 1645 sit,
501 1591 566 1631 non
593 1572 727 1633 reticebo
754 1571 830 1635 mibi
856 1574 976 1652 pridem
1000 1574 1100 1633 visum

135 1675 205 1716 esse
226 1662 368 1735 oportere
388 1655 495 1729 scribi,
525 1656 609 1735 quod
629 1657 720 1717 altius
741 1656 1024 1736 introspicientibus
1046 1676 1099 1736 ap·

136 1738 258 1819 parebit
284 1739 376 1800 facile
397 1741 534 1819 potuisse
560 1742 696 1820 perverti
717 1762 737 1801 a
757 1740 864 1802 scribis
890 1742 1013 1822 septimi
1034 1741 1099 1801 sive

137 1824 239 1884 octavi
258 1823 375 1884 saeculi
401 1823 527 1885 ‘audiet
548 1825 630 1885 cives
651 1829 791 1885 cecidisse
810 1825 924 1900 ferro'.
967 1825 1048 1886 Nam
1069 1832 1101 1884 et

136 1927 231 1987 saepe
244 1916 356 1987 poetae
375 1908 508 1970 cadendi
522 1908 735 1988 pereundique
755 1908 915 1970 vocabulis
929 1909 1099 1988 promiscue

136 1993 184 2052 usi
205 2000 293 2065 sunt,
320 1991 407 2052 velut
427 1993 496 2072 ipse
514 1990 646 2053 Flaccus
673 1994 707 2053 in
727 1993 806 2054 libro
830 1993 869 2054 de
890 2001 958 2055 arte
978 1992 1101 2071 poetica

137 2073 194 2155 [68
209 2072 293 2155 sqq]
388 2157 517 2210 mortalia
534 2159 613 2211 tacta
625 2156 773 2224 tſtrmibtmt

239 2223 340 2277 nedum
357 2240 511 2278 sermonum
528 2231 586 2278 stet
601 2226 690 2279 honos
708 2231 737 2278 st
753 2220 855 2292 grstia
863 2226 955 2277 vivax

238 2291 324 2345 multe
341 2298 522 2345 renascentur
539 2308 609 2359 quae
628 2293 682 2345 iem
700 2294 817 2344 occidere
834 2294 982 2358 cadentque

240 2374 311 2423 quae
328 2375 402 2411 nnnc
420 2362 511 2412 sunt
501 2374 531 2411 ιιι
547 2361 651 2412 honore
668 2358 817 2423 vocabula3

135 2438 168 2490 et
190 2427 321 2490 Ovidius
343 2449 356 2490 1
377 2430 679 2491 transformationum
702 2426 780 2508 [240
793 2425 870 2510 sq.]·

241 2511 345 2562 occidit
361 2526 419 2562 unc
436 2512 543 2576 domus,
563 2511 612 2564 sed
629 2527 685 2564 non
702 2511 798 2563 domus
814 2526 871 2563 una
886 2510 979 2577 perite

241 2577 326 2644 digna
342 2578 405 2631 tuit.

199 2662 248 2723 Ib.
264 2664 314 2737 39,
329 2665 373 2726 to
394 2682 467 2725 acor
488 2674 517 2726 ct
537 2668 639 2727 Mauri
656 2669 764 2742 peditis
783 2674 935 2727 cruentum
957 2668 1049 2725 voltus
1068 2666 1101 2724 r‘a

133 2750 254 2809 bostem.
296 2746 421 2808 Mauros
448 2770 518 2810 cum
543 2751 682 2831 equitatu
710 2750 812 2829 potins
838 2768 931 2829 quam
958 2748 1100 2827 peditatu

134 2832 319 2893 excelluisse
341 2833 582 2913 omnitempore
603 2842 652 2894 sat
665 2841 798 2906 constet,
821 2832 964 2893 nonnulli
985 2833 1027 2893 ad
1049 2851 1099 2892 cx-

133 2915 315 2995 plicandam
342 2932 422 2996 quoe
448 2918 542 2998 vulgo
571 2919 690 2998 optinet
716 2918 801 2998 apud
820 2917 967 2978 Flaccum
993 2917 1099 2978 lectio·

133 3019 208 3060 nem
223 3000 330 3061 dixere
350 3000 449 3061 videri
470 3003 557 3062 siin
569 3002 709 3063 versibus
730 3002 814 3062 hisce
835 3000 1025 3062 adornandis
1047 2999 1099 3060 ob·

133 3091 290 3144 versatam
317 3103 384 3145 csse
416 3086 565 3164 picturam
592 3086 758 3166 quandam.
806 3085 875 3166 Flgo
907 3095 1012 3147 tamen
1038 3104 1099 3164 quo

12 3188 13 3191 ¹
132 3167 202 3226 fiori
223 3167 314 3228 modo
329 3169 426 3247 possit
446 3178 481 3230 ut
502 3171 536 3230 in
549 3170 616 3230 loco
632 3171 784 3231 communi
805 3190 869 3231 non
888 3179 993 3231 notam
1005 3170 1099 3228 lecto·

133 3251 221 3311 ribus
246 3252 406 3332 plerisque
431 3262 462 3314 ot
489 3253 611 3315 obviam
637 3254 694 3315 sed
720 3254 891 3315 inauditnm
918 3255 1013 3333 plane
1041 3271 1100 3311 nec

134 3335 340 3397 coniectando
369 3334 600 3417 adaequandum
627 3357 692 3399 rem
712 3347 822 3417 tangat
847 3346 940 3417 pocta
960 3355 1024 3395 non
1052 3336 1099 3395 in-

132 3418 397 3499 tellcgo.1dtnt
419 3421 518 3483 dicam
536 3422 621 3502 qnod
641 3423 742 3483 sentio
764 3443 828 3483 non
849 3421 946 3480 ullum
967 3420 1099 3497 antiqui·

132 3503 208 3564 tatis
235 3513 392 3567 auctorem
412 3505 631 3567 nobiliorem
621 3507 788 3568 rnscruisse
810 3512 884 3584 puto
911 3501 998 3563 libris
1020 3521 1101 3580 quae
