2600 4026
511 225 618 281 LIBER
639 226 688 283 ΠΙ.

226 405 392 471 Inminens
414 404 509 470 villae
530 409 587 470 tua
607 405 702 489 pinus
724 409 808 490 esto,

228 489 331 566 Quam
352 511 410 574 per
432 491 560 555 exactos
623 510 642 554 o
665 491 766 555 laetus
787 512 889 556 annos

227 573 336 639 Verris
358 573 521 657 obliquum
542 595 575 638 m
615 573 725 640 itantis
746 575 846 640 ictum

274 656 437 744 Sanguine
458 658 583 724 donem.
616 724 620 732 ,

527 817 679 826 ----.-

533 930 666 1007 XXIII.

228 1060 325 1127 Caelo
348 1063 478 1148 supinas
500 1063 528 1128 si
552 1063 663 1128 tuleris
685 1086 798 1129 manus

227 1145 389 1212 Nascente
411 1146 516 1231 Luna,
539 1148 658 1212 rustica
678 1146 828 1233 Phidyle,

275 1229 310 1296 si
329 1234 400 1296 ture
420 1232 556 1316 placaris
578 1234 611 1295 et
630 1230 734 1296 horna

323 1313 429 1401 Fhuge
449 1314 547 1380 Lares
569 1315 723 1400 avidaque
744 1336 855 1402 porca3

226 1449 297 1516 Nec
317 1450 520 1534 pestilentem
542 1451 658 1516 sentiet
678 1451 824 1516 Afficum

226 1533 377 1599 Fecunda
397 1535 471 1599 vitis
493 1557 553 1600 nec
575 1535 715 1599 sterilem
737 1556 828 1620 seges

273 1617 467 1703 Robiginem
488 1623 543 1682 aut
564 1618 671 1684 dulces
694 1619 814 1685 alumni

323 1701 485 1768 Pomifero
506 1724 604 1788 grave
624 1707 750 1788 tempus
772 1724 868 1770 anno.

225 1836 313 1902 Nam
335 1859 416 1922 quae
436 1838 535 1903 nivali
559 1838 700 1922 pascitur
720 1837 839 1924 Algido

226 1920 352 1987 Devota
373 1943 506 2005 quercus
527 1922 611 1986 inter
633 1925 666 1987 ct
686 1923 775 1987 ilices

273 2004 341 2069 Aut
362 2006 476 2070 crescIt
496 2005 632 2071 Albanis
654 2007 690 2073 In
709 2006 817 2071 herbis

323 2089 479 2173 Victima,
501 2090 686 2173 pontificum
709 2111 834 2155 secures

228 2224 358 2289 Oervice
379 2225 520 2310 tinguet:
547 2228 581 2289 te
601 2223 684 2287 nihil
705 2224 821 2288 attinet

227 2308 397 2392 Temptare
418 2309 520 2373 multa
542 2308 636 2373 caede
658 2307 835 2373 bidentium

274 2391 394 2457 Parvos
416 2396 624 2458 coronantem
644 2392 767 2456 marino

325 2475 409 2541 Rorc
431 2477 507 2541 deos
528 2476 698 2563 fragilique
719 2479 834 2560 myrto,
963 2442 965 2446 Ι

226 2611 373 2676 Inmunis
395 2630 483 2676 aram
505 2612 532 2676 si
552 2612 609 2676 tet‘
637 2611 661 2676 't
681 2634 809 2694 manus,

226 2695 304 2761 Non
326 2697 512 2779 sumptuosa
531 2695 566 2759 bl
633 2696 679 2759 ‘or
699 2696 820 2778 hostia,

275 2779 415 2843 Mollivit
436 2801 563 2845 aversos
585 2779 721 2844 Penates

325 2862 422 2928 Farre
443 2864 498 2948 pio
521 2866 553 2927 et
574 2863 707 2930 saliente
728 2864 820 2928 mica.

529 3018 681 3028 ...ηε-..-

227 3265 365 3332 Intactis
387 3268 568 3352 opulentior

276 3350 446 3416 Thesauris
468 3351 613 3415 Arabum
635 3354 668 3416 et
690 3351 797 3416 divitis
819 3349 928 3415 Indiae

228 3433 413 3502 caementis
435 3436 511 3500 licet
533 3456 668 3520 occupes

276 3517 451 3584 Terrenum
474 3538 568 3604 omne
589 3521 653 3584 tuis
668 3524 701 3585 et
721 3541 808 3584 mare
829 3517 1002 3604 publicum
