2610 4028
558 223 675 280 LIBER.

235 554 283 619 Im
305 554 333 619 is
355 556 387 619 eb
408 553 501 638 agnis
543 555 640 617 uanta
661 552 774 617 sorbiio
796 552 928 639 obtigit,

282 577 402 702 &ecum
421 635 502 701 mihi
548 635 727 715 'cordiasb‚

236 721 395 787 Hibericis
415 722 543 804 peruste
564 720 694 786 funibus
715 722 799 786 labus

282 805 327 870 Ei
348 825 439 869 crura
461 804 540 869 dura
561 804 721 889 compede.

235 890 325 955 Licci
346 889 500 972 superbus
522 889 664 953 ambules
685 889 835 972 pecunia,
1074 900 1092 952 5

282 972 425 1038 Fortuna
445 993 513 1037 non
533 975 637 1036 mutat
656 994 767 1057 genus.

235 1056 392 1139 Videsne,
415 1054 544 1120 Sacram
564 1056 716 1121 metiente
735 1059 769 1121 te
789 1055 885 1122 Viam

283 1141 365 1206 Cum
386 1141 436 1204 bis
457 1140 554 1204 ’nium
575 1140 723 1205 ulnarum
743 1143 835 1225 toga,
905 1184 908 1193 ·

236 1223 282 1290 vt
302 1246 359 1288 ora
379 1226 483 1288 vartab
502 1223 566 1287 huc
587 1227 619 1288 et
639 1223 702 1289 huc
723 1224 866 1289 euntium

283 1308 460 1372 Liberrirna
479 1307 681 1392 indignabio?

239 1391 362 1458 ‘Saccus
383 1391 519 1476 flagellis
540 1391 593 1455 hic
614 1392 863 1457 triumviralibus

283 1476 453 1540 Praeconis
475 1474 516 1538 ad
537 1475 701 1539 fastidium

236 1561 319 1624 Arai
339 1559 467 1623 Falerni
487 1558 575 1622 milla
596 1559 688 1624 fundi
708 1560 834 1645 iugera,

283 1644 328 1708 Ei
347 1644 489 1728 Appiam
509 1643 637 1707 mannis
656 1644 746 1724 terit,

238 1727 457 1812 Sedilibusquc
478 1748 614 1812 magnus
635 1728 801 1810 inprimis
823 1744 919 1811 eques

285 1810 411 1875 Obbane
434 1813 616 1894 contempbo
639 1811 736 1877 sedet.

157 1897 162 1905 ’
239 1894 322 1970 Quid
343 1895 459 1959 abbineb
478 1897 530 1959 bob
550 1916 607 1960 ora
626 1896 756 1960 navium
776 1896 866 1981 gravi

283 1978 435 2044 Rostrata
456 1977 529 2043 duci
549 1979 689 2062 pondere

238 2061 358 2128 Contra
378 2063 519 2128 labroncs
541 2065 635 2147 abque
655 2063 801 2127 servilem
822 2085 967 2146 manum,

284 2146 369 2231 Hoc,
391 2146 453 2212 hoc
474 2146 603 2212 bibano
625 2146 799 2236 militumi?

538 2319 689 2328 ...—

587 2434 631 2510 V.

239 2567 298 2630 ‘At
318 2588 338 2632 o
360 2568 490 2632 deorum
512 2566 663 2651 quidquid
684 2567 720 2631 in
740 2567 829 2631 caelo
849 2567 935 2651 regib

286 2656 396 2716 Terras
417 2654 452 2716 et
471 2652 644 2715 humanum
669 2672 786 2736 genus,

240 2734 323 2809 Quid
343 2736 404 2800 isba
425 2735 489 2800 fari
507 2735 662 2802 tumultus
684 2738 718 2800 eb
738 2734 815 2818 quid
836 2735 978 2799 omnium

284 2817 401 2883 Vultus
421 2819 458 2882 in
479 2841 578 2883 unum
597 2840 649 2883 me
670 2818 797 2883 buces?

239 2900 301 2966 Per
321 2903 439 2967 liberos
459 2905 507 2986 ta,
530 2902 558 2967 si
578 2905 691 2967 vocata
711 2902 864 2986 partubus

284 2984 407 3051 Lucina
427 2987 511 3050 veris
533 2987 636 3070 affirit,

118 3122 121 3126 ,
239 3067 300 3132 Per
320 3069 382 3134 boc
403 3070 498 3134 inane
519 3092 676 3154 purpurae
698 3069 793 3136 decus
814 3091 941 3155 precor,

284 3152 346 3217 Per
367 3153 609 3238 inprobaturum
630 3154 709 3219 haee
727 3154 850 3239 Iovem,

240 3235 323 3310 Quid
343 3240 380 3300 ut
399 3259 537 3302 noverca
549 3260 607 3325 ¹me
628 3239 762 3304 intueris
784 3242 840 3304 aui
859 3240 907 3302 ubi

286 3319 391 3384 Petita
411 3322 495 3385 ferro
516 3322 645 3386 belua?'

240 3400 286 3466 Vb
305 3403 385 3469 haee
404 3406 553 3470 trementi
575 3410 704 3491 quesbus
726 3428 781 3472 ore
803 3407 947 3471 constitit

286 3485 470 3574 Insignibus
491 3490 592 3573 raptis
612 3512 705 3575 puer,
