2610 4028
25 180 27 223 ἰ
118 220 195 293 ΧΠ.]
551 218 668 277 LIBER.

25 544 27 609 ἶ
123 553 210 632 Quid
230 552 292 618 tibi
313 552 376 635 vis,
398 550 512 616 mulier
532 550 567 615 ni
610 549 635 613 's
656 547 845 634 dignissima
866 547 992 613 barris?

25 712 27 715 ,
166 638 302 703 Munera
321 657 377 700 cur
397 634 477 699 mihi
499 634 553 719 qui
574 655 614 697 ve
634 632 770 698 tabellas

25 724 27 733 ‘
123 722 244 805 Mittis,
266 741 327 784 nec
347 720 439 784 firmo
461 713 568 783 iuveni
588 738 648 782 neo
669 717 757 781 naris
779 716 916 782 obesae?

168 805 317 889 Namque
338 803 484 889 sagacius
508 824 591 866 unus
613 801 745 885 odoror,

123 890 185 956 Pol
226 911 266 953 us
288 910 331 952 an
351 887 457 985 gravis
477 885 610 952 hirsutis
633 886 727 951 cubet
746 885 854 950 hircus
875 885 911 949 in
932 886 1005 970 alis,
1074 899 1091 949 5

294 993 382 1037 cama
404 993 476 1036 acer
495 971 552 1035 ubi
572 970 673 1036 lateat
692 991 755 1036 sus.

125 1058 188 1136 Qui
209 1057 307 1122 sudor
327 1056 420 1121 vietis
442 1057 475 1120 et
496 1076 591 1140 quam
612 1055 714 1119 malus
737 1054 877 1139 undique
898 1055 1049 1121 membris

169 1141 294 1208 Crescit
314 1140 408 1224 odor,
431 1161 504 1205 cum
525 1161 607 1224 pene
629 1139 734 1204 soluto

25 1260 27 1299 ε
124 1226 321 1292 Indomitum
341 1228 492 1309 properat
511 1223 633 1288 rabiem
655 1222 779 1307 sedare,
800 1244 904 1308 neque
925 1224 975 1289 illi

168 1310 239 1376 Iam
259 1312 370 1375 manet
389 1308 498 1373 umida
519 1312 607 1373 creta
627 1308 778 1391 colorque
1060 1321 1093 1372 10

125 1394 273 1461 Stercore
294 1393 419 1458 fucatus
441 1393 608 1475 crocodili,
631 1392 758 1476 iamque
779 1391 923 1457 subando

25 1476 27 1491 ³
168 1478 273 1543 Tanta
294 1476 411 1542 cubilia
431 1479 579 1561 tectaque
599 1476 735 1560 rumpit·

124 1560 189 1628 Vel
208 1584 281 1626 mea
302 1583 375 1626 cum
396 1561 498 1627 saevis
520 1562 622 1647 agiae
642 1526 772 1626 fastidia
792 1559 914 1626 verbis:

25 1672 27 1689 ·
169 1645 313 1711 ‘Inachia
333 1647 467 1731 langues
488 1646 594 1709 minua
615 1666 652 1709 ac
673 1666 739 1730 me;

125 1731 292 1796 Inachiam
312 1732 361 1794 ter
381 1733 477 1795 nocte
498 1733 605 1813 potes,
626 1728 706 1794 mihi
728 1751 853 1814 semper
873 1729 915 1793 ad
936 1752 1035 1795 uuum
1060 1744 1091 1793 15

169 1814 278 1879 Mollis
300 1834 391 1898 opus.
434 1815 548 1879 Pereat
568 1815 666 1898 male,
689 1834 769 1897 quae
790 1817 823 1879 te

126 1898 243 1964 Lesbia
264 1899 428 1982 quaerenti
447 1902 575 1963 taurum
595 1898 788 1965 monstravit
807 1899 957 1984 inertem,

25 2044 27 2061 s
170 1983 253 2048 Cum
273 1981 353 2046 mihi
376 1980 461 2047 Cous
482 1982 608 2047 adesset
627 1984 803 2066 Amyntas,

25 2108 27 2143 p
128 2065 226 2132 (iuius
248 2066 284 2130 in
304 2066 461 2132 indomito
484 2067 682 2133 constantior
702 2066 835 2151 inguine
855 2089 987 2152 nervus,

170 2150 273 2227 Quam
293 2171 378 2215 nova
398 2151 533 2216 collibus
555 2152 649 2216 arbor
669 2149 823 2216 inhaeret
1058 2165 1093 2215 20

126 2234 303 2300 Murieibus
324 2232 428 2318 Tyriis
449 2236 581 2301 iteratae
602 2233 721 2299 vellera
741 2236 833 2299 lanae

170 2317 231 2384 Oui
251 2319 523 2403 properabautur?
557 2318 630 2383 Tibi
650 2340 783 2403 nempe,

126 2401 178 2468 Ne
199 2403 285 2468 foret
305 2403 452 2487 aequatas
473 2405 558 2469 inter
580 2404 728 2487 conviva,
750 2402 853 2489 magis
876 2424 970 2488 quem

169 2485 328 2572 Diligeret
348 2488 462 2553 mulier
484 2509 541 2552 sua
561 2509 655 2572 quam
677 2489 718 2552 te.

127 2569 156 2635 Ο
178 2591 239 2656 ego
260 2591 329 2635 non
344 2571 437 2656 felix,
459 2593 554 2657 quam
574 2574 611 2636 tu
632 2571 718 2657 iugis
739 2575 776 2636 ut
796 2577 893 2657 pavet
913 2594 1000 2638 acres
1057 2587 1090 2636 25

169 2655 268 2740 Agna
288 2654 381 2739 lupos
405 2676 598 2741 capreaeque
619 2656 751 2722 leones?

534 2829 687 2838 *-

558 2946 656 3022 XIII.

127 3072 266 3140 Horrida
286 3079 352 3140 tem
376 3080 460 3142 estas
482 3079 604 3144 caelum
626 3079 785 3144 contraxit
805 3083 838 3145 et
858 3080 975 3146 imbres

25 3230 26 3239 χ
167 3158 330 3243 Nivesque
364 3160 1037 3248 educuntIovem3nuncmare‚nuncsiluae

130 3240 275 3308 Threicio
298 3243 459 3329 Aquilone
481 3250 607 3312 sonant.
643 3247 832 3332 Rapiamus,
857 3248 972 3332 amice,

168 3325 379 3393 Occasionem
400 3330 440 3394 de
461 3330 512 3395 die
552 3330 689 3415 dumque
710 3333 814 3397 virent
834 3353 940 3416 genua

128 3406 170 3474 Et
189 3410 297 3496 decet,
320 3413 458 3478 obducta
480 3380 620 3479 soivatur
641 3416 747 3481 fronte
770 3418 924 3480 senectus.
1074 3428 1091 3478 5

167 3493 214 3560 'Iu
235 3496 313 3560 vina
331 3496 492 3582 Torquato
514 3519 607 3563 move
630 3501 759 3565 consule
780 3521 891 3584 pressa
911 3520 998 3587 me03
