2558 4022
111 246 160 319 11]
502 246 610 303 araas
631 248 666 305 11.
1012 243 1074 309 227
1124 254 1130 271 ¹

112 407 157 472 Te
179 407 343 473 dominum
358 409 465 473 sentit.
502 408 569 473 Das
586 431 748 494 nummos,
770 412 836 477 soei
860 413 1011 497 isuram,

111 492 236 576 Pullos,
260 513 334 577 ova,
357 493 470 558 eadum
491 494 616 559 temeti:
638 516 754 579 nempe
775 518 808 559 m
852 518 871 561 o
891 497 955 562 isto

111 576 284 641 Paullatim
306 578 457 644 merearis
479 599 607 663 agrum,
630 579 766 644 fortasse
787 581 938 645 trecentis

111 664 179 727 Aut
201 663 297 726 etiam
319 683 416 746 supra
435 684 639 728 nummorum
659 664 788 728 milibus
810 668 963 812 emptum.
1028 679 1075 728 165

113 746 196 822 Quid
217 747 330 829 refert,
352 747 440 810 vivas
460 751 628 811 numerato
649 768 752 832 nuper
773 769 816 812 an
837 749 937 813 o'm?

112 829 249 913 Emptor
270 830 394 895 Aricini
416 832 575 914 quondam
598 830 741 897 Veientis
763 837 796 897 et
816 833 884 897 arvi

112 913 267 997 Emptum
282 918 375 979 senat
389 915 488 997 olus,
517 916 640 981 uamvis
654 916 874 1001 aliterputat3
897 918 1012 1002 emptis

114 997 179 1063 Sub
200 1001 328 1064 noctem
349 999 489 1084 gelidam
496 937 608 1086 (dignis
631 1001 798 1066 ealefaotat
817 1001 968 1087 ahenum,

113 1081 176 1147 Sed
198 1086 291 1148 vooat
304 1104 404 1167 usque
426 1105 534 1167 suum,
556 1105 620 1182 qua
639 1086 776 1183 populus
791 1085 894 1150 adsita
908 1087 1003 1151 sertis
1027 1099 1076 1148 170

113 1166 282 1232 Limitibus
304 1167 408 1233 risina
428 1168 548 1253 refugit
569 1191 688 1254 rurg1a3
710 1174 875 1254 tamquam

114 1250 163 1315 Sit
172 1252 335 1336 proprium
345 1253 525 1336 quiequam,
539 1257 658 1337 puncto
674 1253 759 1337 quod
773 1254 901 1319 mobilis
915 1254 1012 1320 borae
1036 1316 1038 1321 ,

112 1334 208 1401 Nune
228 1356 339 1420 prese,
365 1357 452 1401 nuno
478 1337 599 1422 pretio,
626 1359 714 1402 nuno
734 1340 779 1420 vi,
801 1359 888 1403 nune
909 1341 1011 1403 morte

112 1504 276 1601 Permutat
297 1505 444 1569 dominos
466 1509 499 1570 et
519 1506 611 1571 oedat
631 1505 667 1570 in
688 1444 886 1571 alddfjdildfa.

113 1587 166 1654 Sro
188 1610 262 1672 qma
283 1592 455 1673 perpetuus
476 1590 557 1655 nulli
579 1590 672 1654 datm
693 1612 782 1674 usus,
805 1595 838 1655 et
857 1589 950 1654 heres
1026 1603 1074 1653 175

112 1671 271 1737 Heredem
292 1673 422 1738 alterius
443 1674 530 1739 velut
551 1674 638 1738 unda
659 1676 842 1759 supervenit
863 1674 997 1758 undam,

113 1755 197 1832 Quid
218 1757 280 1821 visi
323 1760 437 1822 rosunt
457 1762 513 1822 aut
533 1756 670 1824 horreo?
692 1758 807 1843 quidve
830 1757 975 1824 Calabris

113 1839 253 1906 Saltibus
275 1779 389 1906 adiecti
410 1842 547 1925 Lucani,
570 1844 597 1907 si
618 1844 711 1908 metit
732 1843 832 1909 Oreus

114 1924 257 1989 Grandia
278 1947 350 1990 eum
370 1927 493 2010 parvis,
514 1947 581 1991 non
603 1928 772 1992 exorabilis
795 1927 895 1991 auro?

113 2008 275 2092 Gemmas,
289 2028 438 2093 marmor,
452 2011 539 2092 ebur,
555 2010 720 2093 Tyrrhena
733 2012 848 2108 sigilla,
865 2011 1010 2096 tabellas,
1027 2025 1075 2076 180

111 2095 310 2181 Argentum,
332 2096 436 2159 vestes
458 2092 594 2159 Gaetulo
616 2095 735 2159 murioe
755 2098 873 2159 tmotas

112 2177 195 2242 Sunt
216 2179 356 2262 quinon
377 2178 531 2260 habeant,
554 2181 604 2243 est
625 2179 679 2263 qui
693 2199 760 2242 non
774 2182 865 2243 aurat
883 2177 1010 2245 habere.

112 2260 179 2327 Cur
200 2262 279 2327 alter
300 2262 434 2327 fratrum
457 2283 579 2327 cessare
601 2267 634 2327 et
654 2263 761 2327 ludere
784 2266 816 2326 et
836 2263 937 2347 ungui

111 2344 276 2411 Praeferat
296 2345 433 2411 Herodis
454 2347 603 2430 palmetis
625 2346 813 2431 pinguibus,
835 2347 916 2411 alter

111 2427 211 2494 Dives
233 2432 266 2495 et
286 2431 320 2494 in
344 2434 475 2496 ortunus
496 2431 538 2494 ad
558 2431 705 2495 umbram
726 2431 806 2496 lueis
827 2431 868 2495 ab
890 2434 962 2495 ortu
1027 2444 1074 2495 185

113 2513 297 2579 Silvestrem
317 2453 454 2579 dammis
476 2518 508 2579 et
528 2515 612 2579 ferro
634 2516 762 2600 mitiget
782 2537 895 2602 agrum
901 2565 910 2598 ,

103 2597 183 2663 ‘Seit
203 2597 337 2681 Genius,
359 2600 466 2663 natale
488 2620 594 2664 eomes
615 2601 670 2683 qui
690 2603 847 2685 temperat
868 2603 1002 2683 astrum,

110 2681 254 2748 Naturae
276 2682 352 2748 deus
374 2683 545 2768 humanae,
568 2685 712 2749 mortalis
732 2684 767 2748 in
787 2707 886 2749 unum

112 2767 267 2850 Quodque
290 2771 399 2851 eaput,
421 2769 509 2832 voltu
530 2768 707 2852 mutabilis,
729 2769 821 2833 albus
843 2772 876 2833 et
897 2771 973 2834 ater.

111 2849 194 2915 Vtar
215 2855 248 2916 et
269 2872 308 2915 ex
329 2852 453 2917 modico
460 2901 470 2935 ,
492 2856 645 2936 quantum
666 2874 717 2917 res
737 2855 862 2937 poscet,
885 2872 998 2917 aeervo
1027 2864 1076 2915 190

111 2934 238 2999 Tollam
258 2956 318 3000 nee
340 2940 495 3018 metuam,
518 2937 595 3020 quid
615 2936 654 3001 de
675 2958 727 3002 me
747 2937 867 3002 iudicet
886 2937 991 3019 berea,

112 3018 205 3094 Quod
226 3040 294 3083 non
314 3021 406 3102 plura
425 3020 509 3084 datis
530 3022 701 3086 invenerit·
724 3025 757 3086 et
777 3025 887 3086 tamen
907 3021 991 3086 idem

113 3100 201 3167 Seire
222 3104 342 3185 volam,
365 3108 519 3188 quantum
541 3106 677 3188 simplex
693 3072 871 3191 bilarisque
891 3106 1001 3190 nepoti

111 3184 280 3272 Disorepet
302 3192 335 3253 et
355 3191 509 3272 quantum
531 3188 690 3254 disoordet
733 3212 823 3258 arnus
845 3211 952 3255 avam.

111 3269 221 3336 Distat
253 3271 352 3356 enim,
386 3294 518 3358 spargas
549 3276 606 3338 tua
637 3295 696 3358 pro
722 3277 805 3360 'gus,
840 3296 883 3338 an
908 3294 1011 3357 neque

725 3360 887 3443 sumptum
1000 3364 1002 3368 ’
1027 3369 1075 3420 195

112 3439 237 3505 Invitus
257 3440 356 3506 facias
377 3461 479 3525 neque
501 3442 593 3526 plur-a
614 3463 727 3526 parare
748 3442 887 3526 labores,

113 3526 161 3589 Ae
182 3525 305 3609 potius,
327 3547 405 3611 puer
427 3529 463 3591 ut
484 3526 574 3592 festis
597 3526 847 3610 Quinquatribus
868 3526 960 3611 olim,

873 3627 923 3680 15*
