2610 4028
214 210 277 277 160
586 213 799 269 sarmarum
1129 215 1178 287 [u.

276 377 365 443 ‘Non
386 381 461 463 ego’
482 378 665 441 narrantem
688 379 817 440 ‘temere
838 374 889 441 edi
911 376 981 441 luco
993 375 1146 524 profesta

275 461 452 545 Quicquam
473 464 599 544 praeter
616 460 686 524 olus
707 460 851 525 fumosae
865 481 938 524 cum
951 481 991 545 pe
1014 481 1032 524 e
1069 481 1177 527 ernae.

274 546 324 611 Ac
344 545 425 610 mihi
439 566 495 611 seu
516 545 651 627 longum
671 547 746 628 post
765 547 892 629 tempus
905 547 1038 609 venerat
1082 566 1178 629 ospes

277 630 350 695 Sive
371 650 504 715 operum
525 649 627 694 vacuo
648 630 761 713 gratus
782 628 916 693 conviva
937 650 995 713 per
1015 629 1152 694 imbrem

214 727 264 777 120
276 712 425 795 Vicinus,
447 713 529 779 bene
551 716 620 778 erat
639 733 706 776 non
727 712 868 796 piscibus
889 713 968 777 urbe
988 713 1113 798 petitis,

275 796 338 864 Sed
351 798 442 883 pullo
456 801 552 946 υώῗιθ
573 796 691 881 haed03
713 800 782 862 tum
796 797 929 881 pensilis
944 819 1005 861 uva
1019 797 1178 863 secundas

274 881 321 948 Et
339 903 406 947 nux
427 903 506 947 orna
529 884 564 946 at
583 902 710 946 mensas
733 902 804 947 cum
826 880 951 964 duplice
972 881 1046 946 ficu.

272 966 354 1034 Post
374 966 436 1032 hoc
458 966 550 1031 ludus
572 968 642 1030 erat
662 966 755 1049 culpa
776 967 888 1049 potare
908 965 1078 1049 magistra3

145 1092 150 1101 x
273 1051 324 1116 Ac
344 1053 494 1116 venerata
516 1048 629 1133 (ieras,
651 1049 698 1113 ita
717 1049 822 1114 culmo
845 1053 988 1134 surgeret
1008 1050 1089 1134 alto,

212 1148 262 1198 125
275 1134 440 1219 Explicuit
460 1135 536 1199 vino
559 1136 740 1199 contractae
762 1133 844 1198 seria
864 1133 989 1198 frontis.

274 1218 401 1285 Saeviet
422 1222 516 1302 atque
538 1239 639 1283 novos
660 1220 788 1282 moveat
807 1217 937 1283 fortuna
957 1218 1128 1283 tumultust

274 1302 436 1379 Quantum
456 1301 532 1368 hinc
552 1302 730 1367 imminuet?
759 1305 878 1449 quantit)
898 1305 953 1366 aut
967 1322 1027 1388 ego
1047 1304 1178 1386 parcius

817 1407 858 1451 au
892 1407 950 1453 vos

275 1471 303 1537 0
324 1470 430 1556 pueri,
452 1471 607 1554 nituistis,
629 1474 666 1535 ut
685 1469 749 1535 huc
769 1491 871 1537 novus
895 1434 1001 1535 incila
1021 1470 1132 1535 venit?

275 1555 361 1623 Nam
382 1557 529 1641 propriae
549 1556 673 1621 telluris
695 1575 783 1619 erum
804 1558 919 1619 natura
938 1575 998 1620 nec
1018 1555 1111 1633 illum

212 1653 262 1704 130
275 1639 344 1707 Nec
365 1662 417 1704 me
437 1661 498 1706 nec
518 1660 709 1725 quemquam
727 1639 855 1724 stetuit3
878 1659 938 1703 nos
959 1639 1081 1722 expulit
1102 1640 1176 1726 ille3

274 1723 370 1789 Illum
391 1727 448 1789 aut
466 1723 624 1808 nequities
645 1726 703 1788 aut
722 1723 803 1787 vafri
823 1723 950 1788 inscitia
970 1723 1063 1805 iuris,

273 1807 473 1872 Postremum
495 1808 632 1891 expellet
653 1809 739 1874 certe
758 1807 898 1872 vivacior
918 1806 1020 1872 heres.

274 1890 370 1957 Nunc
390 1912 468 1976 ager
487 1890 642 1958 Vmbreni
664 1892 888 1975 subrumios,
909 1911 1012 1975 nuper
1034 1890 1133 1957 Ofelli

275 1975 402 2056 Dictus,
425 1977 487 2040 erit
506 1976 587 2040 nulli
608 1977 771 2060 proprior,
793 1976 849 2041 sed
871 1973 967 2047 cedet,
981 1974 1017 2041 in
1038 1996 1132 2040 usum

213 2073 261 2122 135
276 2059 372 2126 Nunc
392 2059 486 2143 mihi,
508 2081 593 2126 nunc
614 2060 679 2126 alii.
723 2058 879 2136 Quocirca
899 2059 995 2125 vivite
1016 2059 1118 2126 fortes

274 2144 445 2229 Fortiaque
466 2144 607 2211 adversis
629 2144 782 2229 opponite
803 2148 934 2229 pectem
953 2143 1072 2209 rebus?

618 2350 767 2361 mun—-

656 2517 721 2591 III.

274 2647 322 2713 ‘Si
342 2669 414 2713 raro
435 2646 564 2731 scribis,
585 2652 623 2713 ut
642 2652 711 2714 toto
733 2669 800 2714 non
820 2650 933 2732 quater
954 2669 1039 2713 anno

273 2732 494 2798 Membranam
507 2753 636 2816 poscas,
651 2732 841 2816 scriptorum
855 2753 997 2831 quaeque
1011 2734 1175 2818 retexens,

273 2814 379 2882 Iratus
399 2817 475 2900 tibi,
497 2817 582 2900 quod
603 2817 670 2882 vini
691 2816 857 2901 somnique
877 2817 1037 2903 bemgnus

274 2900 331 2968 Nil
353 2901 485 2986 dignum
506 2922 652 2966 sermone
674 2921 784 2966 canas:
811 2901 886 2985 quid
907 2901 984 2966 fiet?
1028 2901 1075 2965 At
1096 2901 1176 2985 ipsis

241 2984 493 3050 sSaturnulibus
514 2985 578 3051 huc
598 2985 711 3071 fugisti
732 2984 866 3050 sobrius.
908 2985 997 3071 Ergo

274 3066 336 3132 Dic
357 3069 478 3151 aliquid
500 3069 632 3155 dignum
653 3070 828 3155 promissis.
866 3068 985 3154 Incipe.
1021 3069 1080 3135 Nil
1102 3069 1175 3135 est?

275 3150 452 3235 Oulpantur
472 3151 591 3219 suutra
611 3154 740 3239 calami,
761 3154 990 3238 inmeritusque
1012 3154 1137 3219 laborat

273 3235 369 3300 Iratis
390 3240 485 3303 natus
506 3239 610 3323 paries
632 3238 680 3303 dis
702 3242 797 3323 atque
818 3238 932 3324 poetis.

276 3320 374 3404 Atqui
394 3321 500 3386 voltus
522 3325 590 3387 erat
610 3323 712 3387 multa
733 3326 766 3387 et
786 3323 1135 3407 praeclaraminautis,

162 3489 164 3492 Ι
227 3415 260 3462 ro
274 3401 309 3467 Si
330 3424 464 3469 vacuum
485 3405 593 3501 tepido
615 3408 753 3490 cepisset
771 3407 883 3472 villula
902 3408 998 3472 tecto.

275 3484 432 3559 Quorsum
453 3489 608 3570 pertinuit
629 3491 747 3574 stipare
768 3489 904 3557 Platona
925 3489 1126 3556 Menandro?
