2570 4022
389 176 438 233 ou
455 177 591 232 nurum
608 176 841 261 consumme.
980 180 1096 239 mum

194 336 235 397 In
255 336 316 396 hoc
336 343 434 397 metro
447 336 635 397 Prudentius
657 337 711 416 qui
730 300 835 417 paene*
851 337 935 401 solue
957 339 1098 403 adhibuit

129 431 202 501 post
214 421 363 482 Flaccum
384 440 420 481 eo
444 420 623 499 diligentiae
645 430 692 482 est
712 440 891 500 progressus
913 419 1096 505 [peristeph.

128 525 190 566 ιη.
204 502 292 584 x11r],
315 513 350 565 ut
369 504 452 565 hanc
472 524 594 584 semper
615 506 681 566 eius
702 507 836 583 speciem
857 525 924 568 esee
944 509 1078 571 voluerit

127 691 186 752 sed
208 694 291 751 euim
312 710 377 750 non
398 689 515 769 ubique
537 691 665 749 somatis
687 690 898 756 incisionibus.

595 839 629 902 n.

192 937 294 1006 XVI·
331 942 461 1003 Ionici
483 961 501 1000 a
522 942 662 1002 minori
691 941 776 1020 puri
802 942 885 1002 sive
913 941 958 1003 oh
987 943 1096 1005 diffi-

127 1027 318 1088 cultatem
350 1026 493 1086 moduli
519 1026 605 1086 sive
632 1025 731 1104 quod
762 1025 959 1088 molliores
989 1028 1096 1090 vide-

127 1121 268 1173 rentur
291 1110 490 1171 rarissime
510 1116 601 1169 sunt
621 1108 796 1170 adhibiti
817 1111 1026 1173 aRomanis
1050 1107 1095 1194 [d.

126 1191 316 1274 r.m.110].
346 1194 426 1254 Nec
447 1194 524 1253 nisi
546 1192 857 1255 semelHoratius
873 1196 938 1275 qui
952 1198 1096 1276 primns

51 1350 54 1356 Δ
125 1281 292 1340 nouauit
314 1297 377 1339 eos
399 1278 572 1355 admisit3
594 1277 739 1339 habent
761 1288 886 1341 autem
900 1280 1096 1362 hancspe·

125 1385 237 1425 crem:

123 1614 320 1665 miserarumst
336 1626 428 1693 neque
445 1612 533 1693 amori
543 1610 608 1663 dare
624 1612 719 1663 ludum
730 1627 819 1679 neque
837 1611 912 1663 dulci
926 1609 932 1680 l
947 1612 1020 1664 mala
1031 1614 1096 1667 vino

125 1683 226 1733 lavere
244 1683 294 1731 aut
310 1694 465 1730 exaurmarr
481 1676 656 1745 metuentes!
671 1683 788 1745 patruae
806 1680 922 1732 verbera
937 1678 1059 1747 linguae.

123 1766 278 1829 Videnda
292 1784 372 1845 quae
393 1766 427 1825 in
441 1764 540 1844 praef.
563 1767 779 1827 annotavimus
802 1766 905 1841 adm,
924 1767 979 1845 123
1003 1784 1095 1848 quae·

125 1871 191 1934 que
212 1870 285 1912 mox
309 1850 443 1911 disemus
466 1849 507 1910 de
528 1858 695 1930 systemate
717 1850 829 1912 ionico.
1079 1858 1082 1861 '

191 2097 313 2167 XVII·
343 2101 486 2163 Versus
507 2101 795 2182 pherecrateus.

229 2219 312 2336 {rath
322 2220 437 2334 ἓὲτῖὴῖ
454 2269 504 2319 sub
524 2271 614 2319 antro.

189 2673 258 2734 Hoc
286 2682 417 2735 metrum
448 2681 479 2734 et
510 2673 741 2752 pherecrateum
773 2670 911 2733 Catullus
943 2673 1093 2734 incertum

120 2758 332 2819 Anacreontis
355 2758 542 2839 auctoritate
560 2757 668 2817 ductus
690 2777 730 2816 an
753 2755 929 2836 Sapphonis
952 2757 1093 2819 adhibuit

119 2846 158 2904 in
181 2864 206 2903 c.
223 2843 264 2902 34
281 2851 312 2903 et
327 2844 365 2902 61
389 2861 446 2921 per
466 2850 633 2922 systemata
654 2861 723 2902 oum
743 2840 908 2921 synaphia.

188 2953 352 3022 XVIIII·
381 2960 421 3020 V.
446 2959 716 3038 asclepiadeus
737 2960 871 3022 minor.

226 3056 603 3123 --soo-lsv„.s2

226 3127 378 3177 Maecenas
396 3127 488 3177 atavis
507 3126 583 3175 edite
602 3125 724 3190 regibus.

119 3214 165 3273 In
185 3212 244 3273 hoc
271 3231 364 3273 versu
384 3210 515 3272 Flaccus
542 3231 605 3272 non
634 3211 724 3270 nimis
754 3231 821 3271 raro
846 3211 1002 3291 dactylum
1028 3211 1091 3288 pri-

119 3317 206 3357 mum
226 3296 343 3357 violato
366 3315 511 3357 caesurae
532 3295 676 3376 rhythmo
700 3304 842 3356 constare
859 3296 975 3373 patitur
995 3293 1091 3354 verbo

119 3384 159 3442 in
181 3381 338 3460 dactylum
362 3389 494 3441 exeunte
515 3388 549 3438 ut
570 3389 647 3458 puta

224 3493 276 3530 nos
295 3479 428 3544 conciola,
446 3493 494 3529 nos
511 3477 616 3543 proelia
635 3479 782 3543 virginum.
