2600 4026
16 184 18 265 ῗ
112 226 225 300 army

526 457 657 533 XVIII.

17 604 18 613 ’
115 589 263 670 Nullam,
285 588 385 672 Varo,
408 609 500 652 sacra
520 588 585 653 vite
606 589 694 672 prius
716 589 833 653 severis
856 589 1002 655 arborem

115 674 210 740 Circa
230 673 308 736 mite
328 673 433 736 solum
455 670 582 736 Tiburis
604 676 638 737 et
658 673 786 738 moenia
807 669 918 757 Catili3

16 806 21 815 .
116 757 216 823 Siccis
238 758 348 821 omnia
368 779 443 821 nam
465 756 544 821 dura
565 756 642 822 deus
650 755 845 904 [proposuit
866 778 970 841 neque

116 841 283 906 Mordaces
305 841 397 905 ahter
420 840 592 926 diffugiunt
613 861 649 905 so
675 840 853 905 icitudines,

116 975 1039 1073 Quispostvinogravemmilitiamautpauperiemcrcpat'?
1062 988 1078 1038 o

17 1092 18 1095 ¹
115 1058 1039 1156 Quisnontepohus,Bacohepater,teque‚'deoensVenus?

16 1144 18 1169 *
116 1145 167 1208 Ao
186 1143 300 1228 nequis
321 1143 439 1208 modici
460 1143 622 1208 transihat
642 1164 775 1208 munera
796 1143 917 1227 Liberi,

116 1227 297 1293 Centaurea
317 1231 428 1293 monet
449 1249 521 1292 cum
543 1226 688 1311 Lapithis
709 1228 780 1291 rixa
801 1244 898 1311 super·
915 1249 1004 1292 mero

115 1361 303 1445 Debellata‚
325 1364 434 1426 monet
456 1360 611 1427 Sithoniis
632 1384 699 1428 uon
720 1362 799 1427 levis
820 1361 957 1445 Euhius,

116 1445 201 1512 Cum
222 1447 270 1510 las
292 1448 388 1530 atque
408 1446 499 1510 nefas
521 1447 636 1532 exiguo
657 1446 721 1511 fine
741 1445 910 1511 libidinum
1048 1461 1080 1508 ro

114 1529 313 1595 Discernuut
330 1529 424 1595 avidi.
458 1530 535 1596 Non
549 1551 609 1615 ego
630 1533 678 1613 te,
701 1518 1016 1614 candide'Bassareu,

115 1613 259 1679 Inuitum
280 1615 420 1698 quatiam
425 1663 435 1698 ,
456 1635 517 1680 neo
537 1615 643 1679 variis·
655 1615 761 1678 obsita
781 1612 948 1678 frondibus

16 1756 18 1763 '
77 1822 81 1829 ,
115 1748 184 1814 Sub
208 1748 315 1814 divum
336 1749 467 1833 rapiam.
511 1748 612 1814 Saeva
632 1752 706 1814 tene
729 1771 800 1814 cum
821 1747 1010 1831 Berecyntio

116 1831 229 1899 Cornu
242 1836 405 1917 tympana,
420 1854 501 1917 quae
515 1833 718 1918 subsequitur
730 1855 841 1898 caecus
856 1854 946 1897 amor
957 1833 1015 1917 sui,

16 1942 18 1995 l
116 1916 164 1981 Et
184 1917 303 1981 tollens
324 1939 458 1982 vacuum
479 1918 551 2001 plus
572 1919 672 1982 nimio
694 1918 798 2014 gloria
818 1919 981 2002 verticem,
1048 1929 1080 1978 15

16 2048 18 2093 ἰ
115 2001 308 2085 Aroanique
321 2002 400 2067 fides
421 2001 572 2088 prodiga,
593 2001 785 2085 perlucrdior
806 2002 898 2068 vitro.

523 2192 675 2200 ...—-.--.

524 2341 672 2415 XVIIII.

113 2472 224 2537 Mater
247 2493 342 2537 saeva
363 2470 556 2571 Cupidinum

16 2634 17 2637 Ἴ
161 2556 396 2642 Thebanaeque
417 2558 506 2622 1ubet
527 2578 578 2621 me
601 2556 741 2623 Semeles
762 2578 841 2641 puer

16 2718 18 2725 Ι
114 2640 165 2705 Et
186 2641 307 2705 lasciva
328 2641 470 2706 Licentia

161 2723 278 2789 Finitis
300 2728 443 2791 animum
464 2726 593 2790 reddere
615 2725 785 2791 amoribus.

112 2859 193 2924 Vrit
214 2881 266 2923 me
288 2859 441 2944 Glycerae
461 2861 563 2943 nitor,

16 2980 18 3027 Ι
161 2943 366 3027 Splendentis
388 2944 483 3008 Pario
506 2965 662 3009 marmore
683 2944 808 3029 purius3

16 3030 18 3057 ⁵
112 3026 193 3092 Vrit
214 3033 307 3112 grata
328 3030 518 3113 protervitas

103 3114 107 3117 ’
160 3111 207 3175 Et
227 3112 334 3176 voltus
354 3113 488 3177 nimium
513 3112 653 3178 lubricus
677 3111 807 3197 adspici.

111 3245 159 3310 In
181 3260 234 3309 me
255 3249 324 3311 tota
344 3268 440 3312 ruens
461 3245 571 3313 Venus

77 3388 80 3393 .
163 3328 305 3412 Cyprum
327 3331 480 3414 deseruit,
502 3353 562 3397 nec
583 3333 703 3416 patitur
725 3330 859 3414 Scythas
1049 3344 1081 3390 10

112 3413 164 3479 Et
186 3415 284 3478 versis
306 3417 484 3480 animosum
507 3416 594 3499 equis

164 3497 316 3564 Parthum
338 3501 456 3583 dicere,
477 3521 538 3565 nec
559 3521 639 3585 quae
660 3499 742 3564 nihil
764 3500 910 3564 attinent.

173 3600 300 3643 Rosam.
913 3605 929 3652 2
