2610 4028
144 250 195 324 [r]
561 248 710 307 maer
1052 242 1113 309 125

145 413 209 479 Ille
289 434 361 477 vem
382 409 461 477 duro
482 415 600 478 terram
621 413 676 497 qui
697 412 792 478 vertit
813 416 933 495 aratro,

146 497 233 563 Perii
255 518 293 562 us
314 496 368 561 hia
389 517 504 581 oaupo,
526 496 632 580 miles,
654 500 830 582 nautaeque
850 519 908 582 per
930 518 1024 562 omne

146 581 296 646 Audaces
317 602 405 645 mare
426 580 482 664 qui
503 585 648 662 currunt,
676 580 735 646 hae
756 585 863 647 mente
884 582 1027 647 laborem
1079 594 1113 643 eo

12 710 13 713 =
148 665 226 731 Sese
246 665 346 747 ferre,
368 686 459 730 senes
481 665 573 730 utin
594 665 660 729 otia
680 667 750 730 tuta
770 665 932 750 recedant,

147 749 268 831 Aiunt,
291 771 365 815 eum
386 749 449 813 sibi
470 749 537 814 sint
557 752 709 836 congesta
726 750 857 814 ribaria:
880 751 963 815 sieut

12 844 14 865 ²
147 833 286 899 Parvola
322 855 398 898 nem
420 834 611 918 exemplari,
632 834 743 919 magni
764 833 897 899 formica
918 835 1036 899 laboris

12 924 14 949 l
150 918 214 984 Ore
233 883 335 982 trahit
351 917 569 1015 quodoumque
589 921 698 1001 potest
711 921 806 1004 atque
821 917 909 983 addit
922 940 1049 1002 acervo,

149 1002 252 1078 Quem
274 1002 384 1085 struit,
404 1002 490 1066 haud
510 1024 624 1088 rgnara
638 1023 674 1067 aa
688 1024 755 1067 non
776 1003 904 1068 incauta
924 1004 1032 1068 futuri.
1079 1014 1112 1067 ab

12 1082 14 1149 ἶ
150 1086 253 1171 Quae,
276 1086 371 1150 simul
384 1086 545 1151 inversum
559 1087 727 1152 contristat
741 1087 900 1171 Aquarius
915 1110 1048 1170 annum,
1120 1096 1124 1101 “

12 1190 14 1195 ’
148 1169 227 1236 Non
247 1171 546 1268 usquamtprorepit
567 1174 600 1235 et
619 1171 683 1235 illis
705 1171 806 1236 utitur
827 1175 901 1237 ante

150 1254 310 1331 Quaesitis
332 1276 475 1338 sameas,
496 1276 570 1319 omn
589 1258 623 1320 te
643 1265 746 1353 neque
760 1255 907 1353 'fervidus
929 1259 1034 1321 aestus

148 1338 328 1404 Demoveat
341 1339 439 1422 luero,
453 1359 557 1423 neque
570 1337 682 1423 hiems,
699 1361 794 1425 rgms,
809 1361 905 1422 mare,
920 1340 1049 1424 ferrum,

149 1422 205 1488 Nil
227 1423 335 1488 obstet
354 1423 430 1506 tibi,
454 1423 530 1488 dum
550 1445 592 1488 ne
613 1424 708 1488 aitte
731 1423 826 1488 ditior
848 1424 937 1489 alter.
1080 1437 1114 1486 40

150 1507 235 1583 Quid
256 1507 358 1590 iuvat,
380 1506 561 1574 inmensum
581 1511 614 1572 te
631 1508 757 1594 argenti
776 1507 902 1592 pondus
916 1512 949 1572 et
970 1510 1038 1573 auri

149 1590 275 1657 rumim
297 1591 423 1656 defossa
442 1591 591 1657 timidum
612 1592 768 1677 deponere
789 1591 896 1656 terra?

12 1714 14 1763 l
150 1675 271 1758 ‘Quod
294 1677 321 1740 si
343 1675 545 1760 comminuas,
568 1677 664 1741 vilem
684 1676 849 1762 redigatur
869 1676 910 1741 ad
931 1683 1055 1741 assem?

12 1770 14 1829 l
149 1760 197 1824 At
205 1761 240 1824 ni
252 1759 286 1824 id
295 1760 341 1844 fit,
358 1760 435 1844 quid
444 1759 542 1825 habet
551 1760 677 1845 pulchri
686 1763 887 1825 constructus
897 1760 1049 1826 acervus?

149 1844 242 1908 Milia
263 1845 416 1908 frumenti
436 1846 493 1909 tua
513 1845 637 1910 triverit
658 1867 731 1911 area
753 1848 895 1910 eentum:
1080 1855 1113 1907 la

12 1978 13 1989 2
149 1928 227 1993 Non
247 1931 322 1993 tuus
344 1928 407 1994 hoo
428 1930 533 2013 capiet
552 1932 664 1994 venter
683 1930 756 2014 plus
778 1951 815 1995 aa
836 1951 940 2013 meus,
962 1932 999 1993 ut
1021 1930 1048 1994 si

12 2024 14 2065 ἒ
53 2083 56 2086 ,
148 2010 333 2078 Reticulum
353 2013 445 2098 panis
466 2014 593 2078 venales
615 2014 698 2078 inter
719 2017 834 2078 onusto

12 2112 13 2115 ’
149 2095 248 2162 Forte
269 2097 367 2162 vehas
388 2118 498 2162 umero
534 2097 637 2162 nihilo
659 2097 732 2180 plus
754 2098 891 2181 accipias
913 2120 1008 2182 quam

150 2179 213 2257 Qui
234 2182 282 2245 nil
303 2182 447 2266 portarit.
490 2147 553 2246 <sel
574 2182 639 2264 dio,
662 2180 738 2265 quid
759 2181 876 2245 referat
897 2183 983 2244 intra

148 2265 293 2331 Naturae
313 2266 393 2330 fines
414 2266 549 2349 viventi,
571 2265 682 2352 iugera
703 2268 831 2329 eentum
852 2287 894 2328 an
1080 2279 1116 2330 to

149 2349 241 2414 Mille
256 2350 346 2414 aret?
376 2350 434 2415 ‘At
455 2353 582 2415 suavest
596 2372 634 2414 ex
648 2370 766 2435 magno
787 2349 901 2414 tollere
916 2357 1050 2415 acervo!

12 2482 14 2485 -
148 2432 237 2498 Dum
251 2456 292 2498 ex
311 2455 410 2519 paruo
424 2434 518 2500 nobis
532 2435 721 2499 tantundem
734 2433 861 2498 haurire
874 2433 1050 2518 relinquas,

150 2516 217 2585 Gur
237 2521 295 2582 tua
314 2520 386 2603 plue
408 2520 516 2584 laudes
539 2520 674 2585 cumeris
695 2519 845 2605 granaria
865 2518 1007 2584 nostris?

149 2601 196 2666 Vt
216 2602 278 2666 tibi
300 2604 327 2667 si
349 2604 392 2668 sit
413 2625 493 2688 opus
515 2603 627 2687 liquidi
648 2625 715 2668 non
736 2604 874 2688 amplius
896 2625 976 2668 uma

150 2684 212 2751 Vel
235 2686 365 2770 cyatho,
389 2691 421 2752 et
442 2687 529 2752 dieas
550 2694 680 2773 ‘magno
703 2688 742 2752 de
763 2687 893 2752 flumine
912 2688 1037 2770 malim,
1082 2701 1115 2751 aa
1144 2730 1151 2739 -

150 2769 254 2845 Quam
269 2792 308 2835 ex
320 2771 383 2836 hoa
397 2772 553 2836 fonticulo
568 2772 755 2837 tantundem
771 2781 916 2837 sumere)
940 2771 989 2835 Eo
1003 2771 1051 2854 fit,

151 2853 282 2919 Plenior
304 2859 339 2919 ut
361 2857 469 2939 siquos
491 2856 627 2921 delectet
648 2857 741 2940 eopia
761 2857 860 2939 iusto,
1006 2856 1008 2859 ’

151 2937 234 3004 Oum
255 2940 326 3023 ripa
346 2940 441 3005 simul
462 2942 587 3006 avolsos
607 2942 690 3007 ferat
710 2940 844 3005 Aufidus
866 2961 947 3005 acer.

149 3023 198 3087 At
219 3024 274 3107 qui
295 3025 411 3089 tantuli
426 3028 509 3110 eget,
531 3028 683 3109 quantost
696 3047 785 3109 opus,
808 3025 953 3110 isneque
974 3025 1062 3095 limo,

150 3106 326 3172 Turbatam
333 3107 441 3174 haurit
451 3131 566 3193 aquam
573 3109 783 3194 nequevitam
791 3109 954 3175 amittitin
963 3110 1066 3174 undis.
1082 3122 1115 3171 60

12 3186 14 3249 ᾖ
150 3192 197 3255 At
217 3191 304 3257 bona
324 3215 398 3277 pars
419 3193 587 3258 hominum
608 3194 740 3277 derepta
763 3195 911 3278 cupidine
931 3194 1012 3259 falso

12 3300 14 3337 ῑ
152 3275 222 3341 ‘Nil
233 3277 312 3341 satis
324 3281 385 3342 est’
398 3279 433 3342 in
455 3279 504 3345 uit
514 3279 599 3363 ‘quia
609 3280 692 3343 tanti
706 3282 861 3362 quantum
875 3278 992 3342 habeas
1004 3278 1070 3342 sie?

12 3356 14 3421 ἓ
150 3359 235 3437 Quid
256 3362 357 3426 facias
378 3300 454 3426 illitl
477 3362 590 3428 Iubeas
612 3363 764 3427 miserum
785 3384 868 3446 esse,
890 3361 1027 3426 libenter

151 3442 316 3519 Quatenus
331 3445 365 3510 id
385 3447 471 3511 faeit.
504 3446 550 3513 Vt
564 3447 692 3531 quidam
706 3449 900 3513 memoratur
913 3445 1051 3511 Athenis

151 3527 304 3594 Sordidus
327 3551 364 3596 ae
387 3530 488 3616 dives,
510 3532 622 3617 populi
644 3534 847 3597 contemnere
868 3551 961 3595 voees
1081 3542 1114 3593 65
