2570 4022
497 186 712 245 PRAEFATIO.
966 189 1086 244 XXXIII

117 344 239 405 alienu:
263 353 346 405 certe
361 346 467 407 similis
489 366 564 408 usus
586 348 727 428 exempla
745 348 860 409 frustra
881 348 1030 428 quaesivi.
1047 378 1083 392 -

118 429 355 509 simplicissima
376 440 478 491 autem
491 432 615 492 videtur
636 433 799 512 explicatio
820 433 906 508 haec,
929 441 964 493 ut
985 433 1086 493 existi·

119 535 200 575 mem
221 514 356 573 voluisse
380 514 481 576 dicere
502 516 648 577 flaccum
669 537 707 577 aa
727 517 795 596 ipsa
815 537 849 578 re
871 517 955 597 quod
975 516 1085 589 hostia,

119 619 215 677 qnam
241 598 399 658 oblaturus
426 608 507 660 esset
531 601 695 675 innocens,
730 620 827 680 parua
854 611 934 662 esset
961 610 992 661 et
1017 602 1087 662 vilis

120 703 192 743 cnm
215 683 263 743 dis
284 683 524 763 gratificaturum
549 704 625 748 csse.
674 686 759 746 Deos
787 687 883 759 enim,
912 685 952 746 ab
979 686 1088 746 hostiis

120 768 340 840 abhorrentes,
370 770 468 848 magis
494 771 626 849 pectoris
648 770 856 848 integritatem
878 789 970 849 qnam
996 773 1087 830 sacri·

119 854 260 912 liciorum
273 853 533 931 magnificentiam
552 854 715 933 respicere.
745 854 833 915 Haec
847 855 1004 915 sententia
1015 855 1088 914 hnic

121 937 253 996 carmini
281 937 440 1016 aptissima
466 957 651 1018 quamquam
672 938 756 1018 apud
777 938 911 1000 Iudaeos
938 940 1036 1018 magis
1058 947 1089 999 st

122 1020 318 1082 Christianos
347 1040 439 1101 quam
466 1022 549 1102 apud
570 1043 709 1102 paganos
731 1024 791 1083 fuit
816 1023 1013 1103 pervulgata,
1042 1032 1089 1082 ta·

121 1126 194 1167 men
216 1126 272 1166 cur
294 1103 333 1165 ab
346 1105 469 1167 Horatii
489 1107 676 1187 temporibus
697 1106 864 1170 abhorrere
879 1108 976 1189 possit
989 1108 1090 1169 videri

121 1211 187 1250 non
209 1190 369 1270 intellego.
399 1192 449 1253 Ita
460 1191 579 1252 Seneca
600 1194 633 1252 in
655 1191 842 1253 nobilissimo
863 1193 982 1273 fragm,
1005 1192 1090 1273 quod

122 1275 209 1355 apud
229 1276 427 1337 Lactantium
447 1277 546 1337 fertur
568 1272 624 1356 [v1,
641 1275 695 1354 25]
720 1276 872 1338 ‘vultisne
894 1278 986 1339 deum
1007 1279 1088 1357 cogi·

121 1370 191 1421 tare
214 1379 279 1420 non
305 1361 563 1421 immolationibus
590 1370 621 1421 ct
646 1368 788 1437 sanquine
813 1367 899 1423 multo
926 1363 1090 1423 colendum

127 1477 163 1489 -
188 1465 269 1526 quae
297 1447 380 1505 enim
405 1465 446 1506 ox
466 1446 673 1506 trucidatione
700 1447 924 1507 immerentium
945 1448 1089 1526 voluptas

123 1531 191 1592 est?
218 1562 254 1573 -
277 1529 334 1590 sed
354 1539 457 1590 mente
472 1550 558 1610 pura,
582 1528 664 1590 bono
686 1530 879 1610 honestoque
899 1534 1057 1610 proposito
1067 1533 1088 1593 '.

121 1615 205 1675 Nam
225 1634 268 1675 ne
288 1617 424 1694 spuriam
451 1616 622 1675 existimem
642 1615 800 1695 stropham
826 1615 926 1689 illam,
956 1616 1014 1675 hac
1035 1637 1088 1695 po·

122 1702 274 1761 tissimum
289 1719 380 1759 causa
394 1699 560 1779 prohibeor
573 1699 657 1779 qnod
672 1709 703 1760 et
716 1699 896 1779 Lygdamus
911 1701 1005 1760 semel
1026 1696 1088 1779 [111,

123 1782 227 1864 4,10]
251 1792 283 1845 ct
304 1784 473 1844 identidem
495 1782 627 1844 Ovidius
649 1804 717 1845 eam
739 1786 849 1844 imitati
871 1804 937 1845 esse
958 1805 1089 1845 noscun-

123 1881 185 1930 tur,
215 1902 251 1913 -
283 1867 427 1930 Ceterum
447 1869 578 1929 iambica
599 1869 762 1942 vocabula,
790 1877 826 1929 nt
847 1868 1009 1944 hocloco,
1032 1872 1090 1930 etsi

123 1976 209 2029 raro,
234 1953 323 2015 elidit
343 1962 447 2014 tamen
468 1953 618 2014 Horatius
639 1955 673 2013 in
695 1955 820 2015 melicis.

188 2058 242 2113 111,
273 2039 329 2113 24,
358 2041 379 2096 4
406 2047 554 2098 terrenum
580 2056 662 2098 omne
690 2045 746 2097 tuis
771 2048 800 2097 et
827 2055 908 2097 mare
933 2041 1089 2114 publicum.

125 2124 321 2205 ‘Tyrrenum
341 2123 442 2185 libri’.
473 2122 559 2183 Corn.
581 2122 706 2182 Lachm.
738 2121 786 2183 cf.
809 2141 849 2196 11,
876 2125 929 2195 18,
954 2124 1090 2184 20-22.

123 2210 292 2270 Publicum
310 2209 389 2269 sicnt
401 2207 461 2267 hoc
481 2208 549 2267 loco
573 2208 665 2267 ctiam
687 2209 720 2266 in
744 2207 882 2284 epistulis
899 2206 977 2265 dixit
991 2208 1089 2266 Hora-

124 2296 191 2355 tine
210 2291 259 2374 [11,
277 2294 306 2367 3,
323 2294 385 2352 396
400 2287 461 2373 sq.]
483 2292 562 2351 ‘fnit
582 2292 659 2350 hacc
680 2291 835 2370 sapientia
857 2290 1013 2369 quondam
1034 2311 1089 2371 pu-

124 2380 207 2440 blica
227 2378 356 2458 privatis
377 2395 552 2448 sacemerc,
577 2395 664 2435 sacra
685 2375 851 2455 profanis'.

188 2482 237 2538 111,
262 2464 312 2537 25,
336 2464 366 2522 9.
395 2464 553 2522 Easomnts
574 2469 670 2535 stupet
691 2462 814 2520 Euhias.
845 2458 988 2519 ‘Edonis'
1011 2456 1037 2519 B
1061 2469 1092 2522 et

125 2548 173 2623 M,
197 2568 274 2628 quos
296 2548 393 2608 secuti
413 2566 527 2607 snmus.

190 2634 240 2693 Ib.
257 2634 295 2692 16
316 2649 460 2708 proceras
480 2633 612 2691 munibus
633 2637 747 2691 uertere
765 2632 917 2704 fraxinos,
941 2629 981 2690 al.
997 2631 1091 2691 fraxi-

125 2739 199 2792 nus,
224 2718 356 2778 fortassc
377 2718 498 2777 rectius.

190 2821 244 2876 111,
269 2803 323 2875 26,
350 2803 378 2861 1.
431 2804 498 2861 Vixi
519 2805 627 2875 puellis
654 2808 751 2875 nuper
776 2803 906 2860 idoneus.
957 2797 1090 2861 Omnino

126 2887 337 2968 recipiendam
366 2885 441 2947 duxi
471 2884 575 2947 Caroli
600 2885 731 2947 Frankii
758 2887 977 2957 coniecturam,
1012 2905 1092 2965 quae

126 2974 221 3033 ctiam
241 2970 400 3032 Meinekio
428 2972 494 3031 fere
521 2970 678 3049 probatur.
720 2967 801 3030 Nam
827 2970 880 3050 qui
907 2969 974 3029 fieri
996 2972 1093 3049 possit

125 3066 162 3118 nt
182 3076 278 3118 sanus
299 3064 393 3136 poeta
419 3057 453 3116 in
475 3057 609 3118 camnine
631 3054 715 3135 qnod
741 3062 839 3114 totum
866 3053 957 3114 rebus
979 3065 1092 3115 amato·

123 3143 179 3202 riis
202 3149 249 3203 cst
271 3141 459 3214 dedicatum,
485 3141 697 3221 discrepuerit
717 3142 750 3200 'se
773 3141 834 3199 iam
855 3139 1016 3200 abdicasse
1033 3139 1091 3199 Ve-

125 3246 249 3301 nerem,
286 3235 340 3287 aut
367 3225 441 3306 quid
468 3226 528 3288 sibi
555 3226 631 3285 velit
657 3226 796 3305 proxima
823 3224 963 3304 stropha,
998 3222 1092 3282 talem

126 3312 416 3391 interpretationem
435 3312 461 3371 si
475 3330 618 3391 sequere,
643 3329 706 3370 non
728 3310 909 3388 intellegere
930 3327 979 3367 me
1001 3307 1092 3366 facile

126 3397 274 3458 concedo.
319 3396 464 3458 Ceterum
489 3398 542 3457 vix
570 3405 616 3457 est
643 3393 769 3456 dubium
796 3394 871 3474 quin
892 3394 1027 3451 imitatus
1053 3393 1092 3450 sit

125 3482 187 3541 hoc
217 3482 351 3543 carmine
377 3482 527 3545 Alcaeum
553 3483 619 3542 sive
645 3479 876 3551 Archilochum,
909 3495 1093 3556 quamquam

170 3580 300 3623 Eamne.
871 3589 887 3627 o
