2610 4028
203 231 263 296 178
579 235 791 297 SATIRARVM

210 411 243 461 85
265 397 401 465 Aridum
422 400 454 462 et
475 420 530 463 ore
550 398 656 464 ferens
678 399 804 463 acinum
826 418 1010 483 semesaque
1031 400 1114 464 lardi

265 482 380 547 Frusta
402 482 502 567 dedit,
525 483 656 580 cupiens
677 483 764 547 varia
784 482 912 547 fastidia
934 504 1013 547 cena

264 566 400 632 Vincere
422 570 586 664 tangente
607 567 690 631 male
712 567 839 651 singula
860 565 954 631 dente
977 569 1129 655 superb03
1294 640 1295 649 χ

265 650 346 717 Cum
367 654 547 736 pater1pse
570 651 683 716 domus
704 652 796 734 palea
816 654 980 734 porrectus
1002 652 1037 716 in
1061 651 1167 718 horna
1294 688 1295 691 ¹

264 735 359 801 Esset
379 736 457 801 ador
478 736 666 819 loliumque,
688 734 778 819 dapis
799 735 932 799 meliora
950 735 1144 820 relinquens.
1294 764 1295 779 ¹

208 833 242 882 90
264 818 407 885 Tandem
427 820 567 886 urbanus
587 819 630 883 ad
649 818 734 884 hunc
752 818 848 894 ‘Quid
869 822 902 883 te
923 821 1022 884 iuvat'
1044 821 1167 905 inqiut,

807 904 934 987 amice,

263 989 381 1054 Preeru
403 990 429 1053 ti
450 988 590 1054 nemoris
612 987 787 1072 patientem
808 988 914 1053 vivere
936 988 1054 1054 dorso?

262 1072 321 1138 Vis
335 1012 538 1138 tuliomines
554 1073 724 1157 urbemque
744 1071 820 1137 feris
842 1093 1037 1161 praeponere
1052 1073 1166 1139 silvis?

264 1155 368 1240 Carpe
381 1158 478 1241 viam,
494 1156 693 1240 mihicrede,
715 1177 836 1242 comes,
858 1158 1022 1221 terrestria
1036 1158 1166 1241 quando
1294 1172 1295 1175 ’

262 1240 415 1305 Mortales
438 1241 557 1305 animas
579 1242 691 1305 vivunt
712 1241 837 1324 sortita,
859 1262 962 1326 neque
983 1241 1081 1306 ullast

212 1337 245 1387 95
265 1325 333 1388 Aut
346 1347 464 1410 magno
478 1329 533 1391 aut
546 1346 643 1410 parvo
665 1325 722 1389 1011
736 1324 916 1422 fugatqquo
922 1375 932 1408 ‚
954 1319 1053 1410 bone,
1069 1326 1166 1411 circa,
1220 1418 1224 1423 .
1294 1330 1295 1333 ’

262 1407 349 1474 Dum
371 1410 460 1493 licet,
482 1410 516 1474 in
537 1410 632 1474 rebus
653 1408 798 1473 iucundm
819 1430 891 1474 vrve
912 1410 1038 1493 beatus,
1294 1456 1295 1471 v

262 1493 344 1559 Vive
354 1515 489 1577 memor,
505 1515 600 1578 quam
611 1494 654 1558 sis
667 1493 736 1557 aevi
750 1492 877 1558 brevis?
909 1493 999 1560 Haec
1012 1494 1068 1559 ubi
1079 1494 1168 1560 dictu
1294 1554 1295 1559 ,

262 1579 433 1664 Agrestem
455 1579 622 1662 pepulere,-
642 1578 736 1641 domo
759 1577 838 1642 levis
860 1578 980 1664 exsilit3
1002 1578 1077 1643 inde
1294 1576 1295 1585 ’

264 1663 369 1727 Ambo
390 1663 590 1747 propositum
611 1664 769 1747 peragunt
789 1661 974 1746 iter‚·urbis
996 1662 1127 1728 aventes

202 1759 251 1809 100
266 1747 394 1810 Moenia
414 1748 564 1811 nocturni
586 1747 764 1830 subrepere.
807 1744 937 1830 Iamque
958 1746 1089 1813 tenebat

264 1829 296 1894 N
298 1852 339 1894 ox
360 1831 499 1895 medium
521 1831 600 1895 caeli
620 1831 774 1914 spatium,
798 1851 871 1896 cum
891 1831 984 1914 ponit
1004 1833 1139 1915 uterque

263 1913 303 1977 In
324 1913 481 1997 locuplete
504 1916 597 1978 domo
619 1915 701 1979 vesti
725 1915 769 1999 ia,
792 1914 887 1978 rubro
910 1913 965 1979 ubi
987 1935 1081 1978 cocco

265 1997 379 2062 Tincta
400 2020 494 2083 super
515 1999 615 2063 lectos
637 1936 785 2063 00010101
805 1999 902 2063 vestis
925 1999 1076 2083 eburnos,

265 2081 428 2166 Multaque
450 2082 489 2148 de
509 2105 628 2168 magna
648 2086 850 2165 superessent
870 2083 992 2147 fercula
1013 2103 1106 2166 cena,
1294 2128 1295 2133 κ

203 2176 251 2229 105
266 2165 353 2241 Quae
374 2168 485 2251 procul
507 2167 673 2231 exstructis
695 2167 822 2231 inerant
841 2166 990 2232 hesterna
1003 2167 1165 2231 canistris.
1294 2246 1295 2251 ἵ

265 2250 353 2335 Ergo
375 2251 430 2315 ubi
450 2272 609 2335 purpurea
629 2253 810 2334 porrectum
831 2251 866 2314 in
887 2254 974 2315 veste
995 2251 1114 2315 locavit
1294 2272 1295 2279 ¹

265 2335 450 2420 Agrestem‚
472 2336 571 2400 veluti
591 2335 771 2399 succinctus
794 2335 926 2399 cursitat
946 2334 1063 2432 hospes

266 2417 502 2503 Continuatque
523 2419 635 2504 dapes,
657 2440 717 2483 nec
738 2440 805 2483 non
825 2419 988 2483 verniliter
1008 2419 1088 2502 ipsis

265 2502 423 2587 Fungitur
444 2503 572 2585 officiis,
594 2502 814 2586 praelambens
830 2524 923 2567 omne
945 2502 1030 2586 quod
1047 2502 1165 2568 adfert.
1294 2514 1295 2595 l

204 2601 252 2649 110
267 2586 326 2650 Ille
348 2586 466 2651 cubans
488 2587 606 2671 gaudet
625 2590 747 2650 mutata
768 2590 853 2651 sorte
875 2587 1029 2671 bonisque

265 2669 371 2734 Rebus
393 2670 461 2754 agit
481 2670 600 2735 laetum
622 2672 802 2754 convivam,
827 2693 899 2735 eum
921 2671 1025 2736 subito
1047 2671 1166 2756 ingens
1294 2668 1295 2761 ]

265 2752 436 2819 Valvarurn
458 2755 608 2840 strepitus
630 2756 720 2820 lectis
742 2756 881 2820 excussit
900 2758 1077 2853 utrumque.

266 2837 398 2903 Currere
419 2861 477 2923 per
496 2842 601 2904 totum
621 2839 728 2924 pavidi
751 2839 916 2923 conclave,
939 2862 972 2903 m
1043 2861 1105 2923 que

265 2923 436 2987 Exanimes
458 2924 631 3020 trepidare,
654 2923 748 2987 simul
770 2923 882 2987 domus
905 2923 970 2987 elta
1006 2923 1142 2987 ’0100010

201 3019 252 3069 115
266 3006 436 3070 Personuit
451 3007 590 3072 cambus.
619 3007 701 3072 Tum
714 3007 859 3073 rusticus.
883 3006 989 3071 ‘Haud
1002 3006 1084 3071 mihi
1097 3008 1165 3071 vita
1294 3016 1295 3045 ¹

266 3089 326 3154 Est
340 3110 420 3172 opus
433 3089 504 3155 hac’
522 3092 567 3155 ait
587 3094 620 3155 et
635 3092 767 3156 ‘valeast
785 3113 836 3156 me
853 3092 932 3156 silva
948 3111 1107 3175 cavusque

207 3210 234 3217 ··
265 3172 365 3241 Tutus
387 3174 427 3238 ab
448 3175 572 3239 insidiis
593 3176 682 3241 tenui
704 3176 857 3240 solabitur
882 3182 978 3240 ervo?
1090 3176 1094 3179 ⁷
