2558 4022
114 245 164 319 ru]
526 242 638 299 mers
657 245 679 302 1.

8 424 9 459 t
115 406 169 473 'Pu
190 406 302 471 nidum
324 426 445 489 serves,
467 425 528 491 ego
549 405 644 471 laudo
666 407 748 471 ruris
770 407 897 474 amoeni

117 491 219 556 Rivos
242 494 274 555 et
294 512 404 556 musco
427 489 604 555 oiroumlite
625 511 703 555 saxa
722 512 905 576 nemusque.

114 575 204 652 Quid
225 574 372 659 quaeris?
405 572 489 639 Vivo
511 576 544 639 et
563 595 681 672 regno,
704 575 800 640 simul
820 576 883 642 ista
903 576 1018 660 reliqui

8 668 10 727 l
38 677 41 681 ’
114 658 208 736 Quae
229 679 286 724 vos
307 658 349 724 sd
371 658 494 723 eaelum
515 657 633 723 effertis
654 681 780 724 rumore
802 659 956 744 seeundo,

8 780 9 785 κ
117 742 225 828 thue
248 742 420 808 sacerdotis
441 741 476 807 iu
503 741 595 808 'tirus
617 742 682 807 liba
702 763 830 809 recuso:
1050 757 1082 805 10

8 848 11 915 p
114 827 207 893 Pane
228 848 307 913 egeo
328 827 393 891 iam
414 826 478 892 mel
494 827 546 891 'tis
567 827 691 911 potiore
712 827 879 912 placentis.

8 918 10 955 l
117 910 235 977 Vivere
256 913 389 976 naturae
412 911 440 976 si
462 911 687 976 convenienter
708 914 850 996 oportet,

8 958 10 1097 l
114 994 351 1080 Ponendaeque
373 995 467 1060 domo
490 995 701 1093 quaerendast
720 1018 795 1061 area
808 996 968 1145 primum:

8 1106 10 1135 l
115 1079 288 1145 Novistine
309 1079 416 1145 losum
436 1081 594 1163 potiorem
614 1101 687 1160 rure
708 1082 802 1146 beato

8 1190 9 1201 ¹
117 1163 179 1229 Est
199 1164 254 1228 ubi
275 1164 348 1248 plus
369 1166 500 1247 tepeant
521 1162 658 1247 hiemes,
679 1165 735 1229 ubi
755 1165 878 1251 gratior
900 1186 976 1229 aura
1049 1175 1080 1226 15

117 1247 234 1313 Leniat
255 1250 288 1311 et
307 1247 430 1316 rabiem
452 1247 548 1313 Oanis
570 1251 603 1312 et
623 1252 786 1313 momenta
805 1248 940 1331 Leonis,

116 1331 200 1397 (lum
222 1332 321 1396 semel
342 1331 465 1415 aceepit
486 1330 593 1396 Solem
614 1332 803 1396 furibundus
826 1332 974 1398 acutum?

117 1415 179 1481 Est
199 1416 254 1480 ubi
275 1415 406 1481 divellet
426 1436 555 1480 somnos
576 1417 682 1481 minus
703 1415 811 1480 invide
831 1416 927 1481 eura?

117 1498 267 1567 Deterius
287 1499 416 1584 Libyeis
439 1500 505 1564 olet
525 1501 581 1565 aut
601 1500 684 1566 nitet
703 1499 802 1565 herba
822 1500 963 1584 lapillis?

117 1583 233 1649 Purior
253 1584 288 1648 in
307 1583 388 1649 viois
408 1604 492 1668 equa
512 1584 617 1649 tendit
637 1606 783 1668 rumpere
803 1585 984 1668 plumbum,
1047 1598 1082 1648 20

115 1666 222 1743 Quem
248 1688 329 1752 quae
349 1688 408 1752 per
428 1689 564 1752 pronum
591 1669 731 1753 trepidat
744 1690 1016 1816 ‘eum?murmure

396 1764 411 1787 ⁸
724 1774 827 1818 r1vum

8 1836 11 1895 l
116 1834 242 1920 Nempe
263 1837 348 1902 inter
368 1836 472 1901 varias
493 1838 632 1901 nutritur
653 1837 733 1903 silva
754 1837 932 1921 columnas,

8 1936 11 2049 q
118 1919 339 2005 Laudaturque
361 1920 487 2005 domus,
509 1922 624 2008 longos
642 1942 722 2005 quae
743 1922 899 2007 prospicit
912 1942 1016 2006 agros.

8 2058 10 2083 ,
117 2003 275 2070 Naturam
296 2005 435 2089 expelles
456 2005 560 2087 finos,
583 2006 691 2069 tamen
712 2027 812 2089 usque
832 2009 987 2088 recurret,

9 2114 11 2133 ÷
117 2088 162 2153 Et
182 2090 267 2153 mela
327 2092 471 2173 rrumpet
489 2088 600 2153 furtim
620 2088 751 2153 fastidia
771 2090 893 2154 viatrix.

118 2171 195 2238 Non
216 2172 271 2257 qui
316 2173 426 2237 idonio
448 2172 640 2238 contendere
662 2172 796 2239 collidus
817 2176 905 2237 ostro

117 2256 232 2322 Nesoit
252 2257 446 2341 Aquinatem
466 2256 614 2342 potantia
633 2257 752 2321 vellera
772 2256 881 2321 fucum

9 2366 11 2411 ῑ
117 2338 244 2406 (lertius
266 2342 401 2425 accipiet
422 2341 573 2406 damnum
593 2340 764 2488 prqpiusve
785 2340 946 2423 medullis,

9 2422 11 2497 ἶ
117 2423 221 2500 Quem
243 2425 297 2509 qui
318 2447 385 2489 non
405 2425 524 2509 peterit
544 2446 619 2489 vero
666 2424 836 2510 'stinguere
857 2423 983 2488 falsum.

9 2518 11 2537 '
116 2506 221 2583 Quem
240 2530 291 2572 res
312 2509 385 2592 plus
406 2510 506 2574 nimio
529 2508 725 2573 delectavere
747 2508 919 2593 secundae,
1046 2519 1080 2569 3ο

9 2574 11 2663 l
117 2590 260 2657 Mutatae
282 2593 434 2741 prebent.
478 2592 590 2676 Siquid
610 2592 782 2675 mirabere,
803 2614 902 2678 pones

9 2670 12 2735 l
115 2674 250 2742 Invitus.
321 2698 384 2762 uge
404 2699 437 2741 m
505 2699 539 2741 a:
561 2677 637 2742 lieet
657 2677 717 2741 sub
737 2698 876 2775 paupere
897 2680 982 2741 teoto

116 2758 222 2845 Reges
245 2764 278 2825 et
297 2782 409 2846 regum
432 2762 464 2825 vi
517 2782 719 2845 praecurrere
742 2781 870 2825 ammos.

9 2870 12 2895 r
115 2842 237 2909 Cervus
260 2865 375 2928 equum
396 2866 506 2930 pugne
524 2845 639 2909 melior
660 2844 880 2909 communibus
902 2841 1010 2907 herbis

117 2927 277 3012 Pellebat,
300 2929 402 2994 deneo
422 2930 529 2994 minor
549 2928 584 2992 in
599 2928 773 2993 certamine
794 2928 892 3011 longo
1046 2939 1080 2988 35

117 3009 156 3075 In
179 3012 295 3078 loravit
316 3034 392 3098 opes
414 3012 553 3077 hominis
574 3012 762 3096 frenumque
783 3033 854 3076 reoe
876 3011 918 3097 it3

116 3034 181 3160 sel
201 3101 371 3181 postquem
391 3097 476 3162 vieto
498 3096 604 3161 ridens
627 3097 773 3161 discessit
794 3096 835 3160 ab
854 3033 963 3179 Eoste,

11 3190 12 3193 ’
116 3178 192 3245 Non
214 3181 353 3265 equitem
374 3180 483 3264 dorso,
508 3201 576 3245 non
596 3181 723 3245 frenum
745 3178 867 3264 depulit
888 3201 952 3245 ore.

118 3262 171 3328 sio
193 3266 249 3348 qui
268 3265 453 3349 pauperiem
473 3264 592 3329 veritus
614 3265 739 3349 potiore
760 3263 898 3329 metelbs

116 3346 279 3414 Libertate
302 3352 404 3433 earet,
427 3349 592 3413 dominum
612 3349 699 3415 vehit
719 3347 873 3445 inprobus
893 3350 989 3431 etque
1047 3358 1082 3408 so

118 3429 241 3496 Serviat
260 3435 439 3516 aeternum,
462 3432 536 3518 quia
557 3454 655 3518 parvo
676 3434 798 3497 neseret
818 3431 875 3495 uti.
976 3478 978 3484 -

116 3513 178 3581 cui
199 3537 268 3581 non
288 3517 457 3582 conveniet
477 3539 535 3582 sua
556 3538 621 3600 res,
643 3520 679 3580 ut
701 3517 823 3582 oaloeus
845 3514 936 3600 olim,
