2570 4022
499 199 714 258 PRAEFATIO.
985 203 1088 257 XXXV

181 375 249 432 1111,
273 358 308 432 2,
334 358 350 417 1
372 377 419 438 aq.
474 358 636 418 Pindarum
661 364 790 436 qusquis
814 362 908 420 studet
935 366 1086 435 oemunt-t,

120 444 199 515 Iule,
223 460 250 503 c.
274 462 302 502 o.
324 444 362 502 1).
405 442 475 503 Etsi
497 442 575 503 falso
598 441 714 503 adserit
734 444 962 525 Peerlcampius
983 447 1088 506 trium·

119 528 178 586 viri
206 528 305 587 filium
325 526 440 586 Iulium
466 527 562 588 fuisso
583 528 749 588 vocitatum
776 548 834 589 nec
855 529 978 591 videtur
1001 530 1088 591 dubi·

120 612 251 671 tandum
279 611 319 671 dc
342 609 496 691 disyllabo
518 610 587 672 Iulo
617 608 677 690 [cf.
701 612 731 672 d.
754 632 778 673 r.
801 633 840 675 m.
864 610 956 693 261],
985 623 1088 675 tamen

6 756 7 759 ,
120 704 263 756 remanet
289 695 455 756 difficultas
482 696 516 756 in
543 715 580 755 eo
607 697 725 775 posita,
754 696 837 776 quod
863 697 1028 759 Horatium
1055 700 1088 759 in

120 779 309 841 carminibus
337 779 471 841 cundem
491 779 646 840 hominem
666 780 714 841 bis
738 780 858 842 diverso
881 783 1006 843 nomine
1034 785 1088 844 ad·

119 866 209 945 loqui
235 873 330 944 negat
356 864 440 926 idem
461 865 594 926 criticus.
639 864 744 944 Quare
773 864 879 927 dubito
908 866 1089 946 plerumque

120 970 163 1009 an
184 948 381 1028 probandum
406 950 448 1009 sit
468 948 553 1028 quod
574 949 691 1029 placuit
717 950 819 1012 cidem
841 970 899 1012 nec
920 950 1086 1032 displicuit,

120 1041 268 1113 utputo,
291 1033 448 1095 Meinelrio
470 1033 541 1094 ‘ille
563 1036 673 1097 ceratis
695 1055 754 1114 ope
772 1034 962 1097 Daedalea'.

184 1118 234 1177 Ib.
250 1119 301 1180 33.
317 1119 356 1176 41
379 1123 515 1178 concines
536 1124 644 1179 maiore
657 1129 744 1194 pocta
757 1124 871 1194 plectro
888 1151 925 1164 -
942 1125 1087 1183 concinet.

123 1201 313 1264 ‘Continet'
333 1202 563 1276 Lachmannus,
587 1223 652 1264 non
666 1204 760 1279 bene,
783 1205 811 1264 si
824 1206 1010 1266 sententiam
1024 1226 1088 1267 car·

121 1288 216 1346 minis
237 1295 322 1351 recte
343 1288 444 1367 capio.
471 1287 514 1348 Et
527 1288 601 1347 satis
616 1296 750 1362 constat,
774 1308 867 1368 quam
887 1290 974 1351 nimii
995 1309 1088 1370 saepe

122 1373 241 1432 fuerint
255 1380 366 1451 poetae
379 1372 479 1445 latini,
495 1374 675 1451 praesertim
688 1374 835 1452 temporis
844 1372 1006 1454 Augustei,
1022 1376 1088 1436 lau·
1204 1441 1207 1445 ἵ

124 1455 238 1517 dandis
260 1457 424 1516 amicorum
445 1455 645 1517 facultatibus
665 1459 803 1537 poeticis.

186 1538 236 1603 Ib.
251 1541 292 1599 49
314 1549 397 1616 teque
412 1543 479 1600 dum
491 1544 623 1616 procedit
643 1547 671 1601 to
686 1545 838 1618 triumphe.
867 1543 984 1621 Recepi
1006 1545 1090 1623 quod

121 1623 295 1704 aliqnando
309 1625 524 1685 commendare
538 1645 663 1686 meminr
677 1626 868 1688 Meinelrium
884 1627 1010 1706 ‘atque’
1032 1649 1088 1709 pro

122 1708 264 1789 ‘teque'.
300 1707 369 1768 Hoc
390 1709 473 1769 onim
495 1729 587 1789 quam
608 1711 700 1771 facile
721 1713 755 1771 in
777 1710 847 1773 cdd.
870 1710 1014 1772 substitui
1035 1732 1088 1793 po·

121 1794 219 1855 tuerit
239 1791 299 1867 illi,
323 1792 431 1855 relicta
452 1802 487 1854 ut
508 1795 688 1875 plerumque
710 1796 891 1856 rubricatori
912 1815 1018 1858 versus
1040 1797 1089 1858 lit·

121 1886 190 1937 tera
216 1876 342 1951 initiali,
375 1879 429 1937 vix
460 1887 507 1938 cst
536 1880 620 1958 quod
646 1899 796 1941 moneam.
840 1881 882 1941 Et
908 1882 970 1942 iam
996 1881 1090 1944 stabit

121 1963 279 2022 sententia
292 1960 394 2023 verbis
407 1961 513 2023 Flacci
525 1965 711 2039 necessaria,
728 1985 820 2046 quam
834 1974 868 2026 ut
882 1965 961 2026 solet
975 1967 1090 2046 optime

122 2047 281 2127 perspexit
294 2046 470 2121 Boudeion,
493 2047 551 2108 sed
564 2049 664 2108 minus
686 2049 769 2111 bono
791 2051 919 2112 invento
942 2048 1089 2112 adseruit.

185 2148 250 2204 1111,
264 2132 293 2204 3,
306 2132 347 2188 24
362 2134 440 2208 quod
451 2137 532 2207 spiro
547 2141 575 2191 et
587 2136 698 2207 placeo,
715 2139 741 2194 a·
750 2138 866 2208 placeo,
884 2142 998 2195 tuomst.
1020 2135 1090 2196 Hoc

120 2215 190 2276 loco
205 2216 371 2277 invertitur
385 2213 557 2277 observatio
572 2215 765 2277 Lachmanni
782 2214 836 2294 [ud
847 2217 938 2277 Lacr.
955 2238 1007 2297 pg.
1021 2217 1087 2297 66],

122 2318 185 2379 qua
199 2318 272 2360 usus
288 2299 459 2362 adfirmavit
472 2299 636 2362 Horatium
654 2302 687 2360 in
702 2309 811 2380 quarto
826 2301 994 2360 carminum
1008 2302 1088 2363 libro

121 2384 246 2445 vocales
269 2385 379 2464 longas
400 2404 466 2445 uon
487 2385 613 2446 elidere.
656 2384 738 2445 Nam
766 2392 925 2464 correptae
948 2386 1032 2447 vocis
1056 2389 1089 2447 in

123 2489 141 2528 o
178 2469 320 2529 exeuntis
357 2469 543 2549 spondiacus
579 2469 699 2531 nullum
730 2469 814 2549 apud
850 2469 938 2531 illum
973 2480 1090 2550 prostat

122 2553 307 2633 exemplum.

120 2690 125 2698 .
184 2654 245 2711 mr,
269 2639 299 2712 4,
325 2638 459 2698 18-22
482 2638 594 2699 seclusi
616 2637 872 2719 completisque.

185 2739 247 2794 1111,
271 2724 301 2795 5,
326 2723 365 2781 18
399 2726 494 2782 nutrit
522 2724 614 2798 sarra
647 2725 735 2783 Cerco
767 2728 901 2800 almoque
932 2724 1089 2800 sanctitum

122 2805 206 2867 farra
225 2806 269 2879 B,
292 2825 364 2866 rura
385 2807 477 2867 codd.
520 2806 650 2888 Irrepsit
669 2808 779 2867 vitium
801 2828 840 2868 ex
859 2808 928 2869 loco
950 2810 1089 2888 proxime

121 2889 330 2969 praecedente
351 2899 387 2951 ut
406 2890 491 2952 hond
514 2912 583 2953 raro
605 2891 689 2971 apud
709 2891 865 2953 Flaccum.
895 2893 1000 2954 Minus
1022 2896 1087 2974 qui·

122 2975 193 3035 dem
214 2974 254 3036 ab
281 2983 348 3039 arte
369 2976 613 3050 commendatur,
641 2996 827 3056 quamquam
848 2997 905 3057 per
931 2998 965 3040 se
986 2989 1089 3059 potest

120 3059 261 3138 placere,
291 3060 325 3120 id
346 3060 430 3141 quod
452 3061 506 3120 alii
527 3061 723 3122 scribendum
751 3062 966 3124 existimarunt
986 3084 1016 3127 v.
1038 3083 1087 3123 su-

120 3144 244 3224 periore
266 3147 277 3176 ‘
283 3151 306 3207 t.
329 3143 360 3206 b.
383 3165 412 3205 e.
434 3154 524 3225 prata
544 3144 766 3225 perambulat'.

183 3246 245 3303 1111,
270 3230 299 3304 6,
322 3229 374 3289 25.
417 3230 527 3292 Doctor
549 3239 674 3306 orputoe
693 3233 801 3305 fidicen
826 3232 956 3292 Theline.
993 3228 1088 3289 Haud

120 3322 304 3374 cunctanter
325 3313 537 3394 recipiendum
559 3323 626 3377 crat
647 3314 727 3375 illud
748 3315 831 3395 quod
854 3334 910 3375 nos
932 3314 1088 3393 posuimus

120 3396 304 3477 ‘Argivom
326 3397 377 3459 vcl
398 3400 425 3459 si
439 3398 544 3461 nullae
567 3397 664 3479 (quod
677 3408 781 3460 tamen
802 3418 888 3460 secus
902 3395 1010 3475 habet)
1034 3396 1087 3457 ad-

121 3482 262 3544 dicerent
282 3482 493 3562 membranae3
523 3492 555 3545 et
576 3483 718 3545 ‘mirifice
739 3503 814 3544 sane
835 3482 977 3563 placere'
1006 3480 1089 3542 idem

843 3577 884 3632 ὓ*
