<?xml version="1.0" encoding="UTF-8"?>
<!DOCTYPE html PUBLIC "-//W3C//DTD XHTML 1.0 Transitional//EN"
    "http://www.w3.org/TR/xhtml1/DTD/xhtml1-transitional.dtd">
<html xmlns="http://www.w3.org/1999/xhtml" xml:lang="en" lang="en">
 <head>
  <title>
</title>
<meta http-equiv="Content-Type" content="text/html;charset=utf-8" />
  <meta name='ocr-system' content='tesseract 3.04.00' />
  <meta name='ocr-capabilities' content='ocr_page ocr_carea ocr_par ocr_line ocrx_word'/>
</head>
<body>
  <div class='ocr_page' id='page_1' title='image "./qhoratiiflacica00mlgoog_0250.png"; bbox 0 0 2610 4028; ppageno 0'>
   <div class='ocr_carea' id='block_1_1' title="bbox 132 246 1101 335">
    <p class='ocr_par' dir='ltr' id='par_1_1' title="bbox 132 246 1101 335">
     <span class='ocr_line' id='line_1_1' title="bbox 132 246 1101 335; baseline 0.002 -19"><span class='ocrx_word' id='word_1_1' title='bbox 132 260 236 333; x_wconf 54' lang='lat' dir='ltr'><strong>vim]</strong></span> <span class='ocrx_word' id='word_1_2' title='bbox 534 255 642 313; x_wconf 81' lang='lat' dir='ltr'><strong>mens</strong></span> <span class='ocrx_word' id='word_1_3' title='bbox 663 258 685 314; x_wconf 86' lang='lat'><strong>1.</strong></span> <span class='ocrx_word' id='word_1_4' title='bbox 1032 246 1101 335; x_wconf 59' lang='lat'><strong>1494</strong></span> 
     </span>
    </p>
   </div>
   <div class='ocr_carea' id='block_1_2' title="bbox 10 418 1038 608">
    <p class='ocr_par' dir='ltr' id='par_1_2' title="bbox 10 418 1038 608">
     <span class='ocr_line' id='line_1_2' title="bbox 10 418 1038 505; baseline -0.003 -18"><span class='ocrx_word' id='word_1_5' title='bbox 10 472 12 501; x_wconf 53' lang='lat'>2</span> <span class='ocrx_word' id='word_1_6' title='bbox 131 418 1038 505; x_wconf 81' lang='lat' dir='ltr'><strong>TransTiberimlongecubotispropeCeeserishortos.’</strong></span> 
     </span>
     <span class='ocr_line' id='line_1_3' title="bbox 10 504 1032 608; baseline -0.005 -35"><span class='ocrx_word' id='word_1_7' title='bbox 10 508 12 523; x_wconf 93' lang='lat'>&#39;</span> <span class='ocrx_word' id='word_1_8' title='bbox 131 505 200 572; x_wconf 80' lang='lat' dir='ltr'><strong>‘Nil</strong></span> <span class='ocrx_word' id='word_1_9' title='bbox 221 505 324 571; x_wconf 80' lang='lat' dir='ltr'><strong>habeo</strong></span> <span class='ocrx_word' id='word_1_10' title='bbox 347 504 432 608; x_wconf 80' lang='lat' dir='ltr'><strong>quod</strong></span> <span class='ocrx_word' id='word_1_11' title='bbox 454 525 548 590; x_wconf 80' lang='lat' dir='ltr'><strong>egam</strong></span> <span class='ocrx_word' id='word_1_12' title='bbox 570 507 603 569; x_wconf 90' lang='lat' dir='ltr'><strong>et</strong></span> <span class='ocrx_word' id='word_1_13' title='bbox 621 525 689 568; x_wconf 91' lang='lat' dir='ltr'><strong>non</strong></span> <span class='ocrx_word' id='word_1_14' title='bbox 710 525 782 569; x_wconf 89' lang='lat' dir='ltr'><strong>sum</strong></span> <span class='ocrx_word' id='word_1_15' title='bbox 801 505 909 591; x_wconf 82' lang='lat' dir='ltr'><strong>piger:</strong></span> <span class='ocrx_word' id='word_1_16' title='bbox 933 524 1032 589; x_wconf 86' lang='lat' dir='ltr'><strong>usque</strong></span> 
     </span>
    </p>
   </div>
   <div class='ocr_carea' id='block_1_3' title="bbox 130 592 1097 1263">
    <p class='ocr_par' dir='ltr' id='par_1_3' title="bbox 130 592 1097 1263">
     <span class='ocr_line' id='line_1_4' title="bbox 739 592 1025 673; baseline -0.014 -20"><span class='ocrx_word' id='word_1_17' title='bbox 739 610 853 673; x_wconf 82' lang='lat' dir='ltr'><strong>sequor</strong></span> <span class='ocrx_word' id='word_1_18' title='bbox 872 592 929 655; x_wconf 84' lang='lat' dir='ltr'><strong>te’</strong></span> <span class='ocrx_word' id='word_1_19' title='bbox 1018 640 1025 649; x_wconf 89' lang='lat'>.</span> 
     </span>
     <span class='ocr_line' id='line_1_5' title="bbox 130 672 1097 757; baseline -0.005 -17"><span class='ocrx_word' id='word_1_20' title='bbox 130 675 276 740; x_wconf 86' lang='lat' dir='ltr'><strong>Demitto</strong></span> <span class='ocrx_word' id='word_1_21' title='bbox 299 672 472 757; x_wconf 77' lang='lat' dir='ltr'><strong>auriculas,</strong></span> <span class='ocrx_word' id='word_1_22' title='bbox 494 676 532 738; x_wconf 85' lang='lat' dir='ltr'><strong>ut</strong></span> <span class='ocrx_word' id='word_1_23' title='bbox 550 673 678 756; x_wconf 78' lang='lat' dir='ltr'>iniquae</span> <span class='ocrx_word' id='word_1_24' title='bbox 697 675 814 738; x_wconf 87' lang='lat' dir='ltr'><strong>mentis</strong></span> <span class='ocrx_word' id='word_1_25' title='bbox 836 674 967 755; x_wconf 82' lang='lat' dir='ltr'><strong>asellus,</strong></span> <span class='ocrx_word' id='word_1_26' title='bbox 1062 686 1097 736; x_wconf 73' lang='lat' dir='ltr'><strong>so</strong></span> 
     </span>
     <span class='ocr_line' id='line_1_6' title="bbox 132 756 967 844; baseline -0.002 -19"><span class='ocrx_word' id='word_1_27' title='bbox 132 759 214 826; x_wconf 81' lang='lat' dir='ltr'><strong>Cum</strong></span> <span class='ocrx_word' id='word_1_28' title='bbox 234 758 363 844; x_wconf 71' lang='lat' dir='ltr'><strong>gravius</strong></span> <span class='ocrx_word' id='word_1_29' title='bbox 385 757 480 823; x_wconf 87' lang='lat' dir='ltr'><strong>dorso</strong></span> <span class='ocrx_word' id='word_1_30' title='bbox 502 757 601 822; x_wconf 86' lang='lat' dir='ltr'><strong>subiit</strong></span> <span class='ocrx_word' id='word_1_31' title='bbox 622 778 714 822; x_wconf 88' lang='lat' dir='ltr'><strong>onus.</strong></span> <span class='ocrx_word' id='word_1_32' title='bbox 757 756 878 843; x_wconf 89' lang='lat' dir='ltr'><strong>Incipit</strong></span> <span class='ocrx_word' id='word_1_33' title='bbox 898 758 967 823; x_wconf 87' lang='lat' dir='ltr'><strong>ille:</strong></span> 
     </span>
     <span class='ocr_line' id='line_1_7' title="bbox 133 840 1006 926; baseline -0.002 -18"><span class='ocrx_word' id='word_1_34' title='bbox 133 842 181 908; x_wconf 79' lang='lat' dir='ltr'><strong>‘Si</strong></span> <span class='ocrx_word' id='word_1_35' title='bbox 202 843 284 908; x_wconf 87' lang='lat' dir='ltr'><strong>bene</strong></span> <span class='ocrx_word' id='word_1_36' title='bbox 304 865 356 908; x_wconf 92' lang='lat' dir='ltr'><strong>me</strong></span> <span class='ocrx_word' id='word_1_37' title='bbox 377 842 467 925; x_wconf 84' lang='lat' dir='ltr'><strong>novi,</strong></span> <span class='ocrx_word' id='word_1_38' title='bbox 489 862 556 907; x_wconf 91' lang='lat' dir='ltr'><strong>non</strong></span> <span class='ocrx_word' id='word_1_39' title='bbox 576 840 710 906; x_wconf 77' lang='lat' dir='ltr'><strong>Viscum</strong></span> <span class='ocrx_word' id='word_1_40' title='bbox 730 842 831 926; x_wconf 79' lang='lat' dir='ltr'><strong>phiris</strong></span> <span class='ocrx_word' id='word_1_41' title='bbox 853 842 1006 925; x_wconf 78' lang='lat' dir='ltr'><strong>amicum,</strong></span> 
     </span>
     <span class='ocr_line' id='line_1_8' title="bbox 131 925 1043 1010; baseline -0.003 -17"><span class='ocrx_word' id='word_1_42' title='bbox 131 927 209 993; x_wconf 91' lang='lat' dir='ltr'><strong>Non</strong></span> <span class='ocrx_word' id='word_1_43' title='bbox 228 925 361 992; x_wconf 84' lang='lat' dir='ltr'><strong>Verium</strong></span> <span class='ocrx_word' id='word_1_44' title='bbox 383 925 496 991; x_wconf 79' lang='lat' dir='ltr'><strong>facies:</strong></span> <span class='ocrx_word' id='word_1_45' title='bbox 517 946 593 991; x_wconf 86' lang='lat' dir='ltr'><strong>nem</strong></span> <span class='ocrx_word' id='word_1_46' title='bbox 615 927 686 1009; x_wconf 85' lang='lat' dir='ltr'><strong>quis</strong></span> <span class='ocrx_word' id='word_1_47' title='bbox 706 947 758 990; x_wconf 86' lang='lat' dir='ltr'><strong>me</strong></span> <span class='ocrx_word' id='word_1_48' title='bbox 780 925 916 992; x_wconf 87' lang='lat' dir='ltr'><strong>seribere</strong></span> <span class='ocrx_word' id='word_1_49' title='bbox 937 926 1043 1010; x_wconf 89' lang='lat' dir='ltr'><strong>plures</strong></span> 
     </span>
     <span class='ocr_line' id='line_1_9' title="bbox 131 1009 997 1095; baseline -0.001 -20"><span class='ocrx_word' id='word_1_50' title='bbox 131 1011 201 1076; x_wconf 82' lang='lat' dir='ltr'><strong>Aut</strong></span> <span class='ocrx_word' id='word_1_51' title='bbox 221 1012 313 1076; x_wconf 89' lang='lat' dir='ltr'><strong>citius</strong></span> <span class='ocrx_word' id='word_1_52' title='bbox 335 1011 438 1095; x_wconf 85' lang='lat' dir='ltr'><strong>possit</strong></span> <span class='ocrx_word' id='word_1_53' title='bbox 458 1009 589 1076; x_wconf 74' lang='lat' dir='ltr'><strong>versus?</strong></span> <span class='ocrx_word' id='word_1_54' title='bbox 612 1010 683 1093; x_wconf 90' lang='lat' dir='ltr'><strong>quis</strong></span> <span class='ocrx_word' id='word_1_55' title='bbox 704 1011 848 1075; x_wconf 82' lang='lat' dir='ltr'><strong>membre</strong></span> <span class='ocrx_word' id='word_1_56' title='bbox 868 1031 997 1075; x_wconf 83' lang='lat' dir='ltr'><strong>movere</strong></span> 
     </span>
     <span class='ocr_line' id='line_1_10' title="bbox 132 1093 1097 1180; baseline -0.003 -21"><span class='ocrx_word' id='word_1_57' title='bbox 132 1095 285 1159; x_wconf 81' lang='lat' dir='ltr'><strong>Mollius?</strong></span> <span class='ocrx_word' id='word_1_58' title='bbox 296 1095 438 1161; x_wconf 81' lang='lat' dir='ltr'><strong>invideat</strong></span> <span class='ocrx_word' id='word_1_59' title='bbox 448 1094 534 1178; x_wconf 90' lang='lat' dir='ltr'><strong>quod</strong></span> <span class='ocrx_word' id='word_1_60' title='bbox 546 1098 579 1160; x_wconf 91' lang='lat' dir='ltr'><strong>et</strong></span> <span class='ocrx_word' id='word_1_61' title='bbox 589 1093 824 1180; x_wconf 78' lang='lat' dir='ltr'><strong>Hermogenes,</strong></span> <span class='ocrx_word' id='word_1_62' title='bbox 840 1115 901 1180; x_wconf 79' lang='lat' dir='ltr'><strong>ego</strong></span> <span class='ocrx_word' id='word_1_63' title='bbox 914 1098 1031 1160; x_wconf 63' lang='lat' dir='ltr'><strong>cento?</strong></span> <span class='ocrx_word' id='word_1_64' title='bbox 1063 1105 1097 1156; x_wconf 79' lang='lat'><strong>25</strong></span> 
     </span>
     <span class='ocr_line' id='line_1_11' title="bbox 132 1178 954 1263; baseline -0.001 -19"><span class='ocrx_word' id='word_1_65' title='bbox 132 1178 362 1263; x_wconf 83' lang='lat' dir='ltr'><strong>Interpellendi</strong></span> <span class='ocrx_word' id='word_1_66' title='bbox 382 1180 471 1245; x_wconf 88' lang='lat' dir='ltr'><strong>loeus</strong></span> <span class='ocrx_word' id='word_1_67' title='bbox 492 1178 545 1243; x_wconf 88' lang='lat' dir='ltr'><strong>hic</strong></span> <span class='ocrx_word' id='word_1_68' title='bbox 567 1181 651 1244; x_wconf 82' lang='lat' dir='ltr'><strong>eret:</strong></span> <span class='ocrx_word' id='word_1_69' title='bbox 675 1181 736 1243; x_wconf 80' lang='lat' dir='ltr'><strong>‘est</strong></span> <span class='ocrx_word' id='word_1_70' title='bbox 756 1179 816 1244; x_wconf 87' lang='lat' dir='ltr'><strong>tibi</strong></span> <span class='ocrx_word' id='word_1_71' title='bbox 836 1182 954 1259; x_wconf 84' lang='lat' dir='ltr'><strong>meter,</strong></span> 
     </span>
    </p>
   </div>
   <div class='ocr_carea' id='block_1_4' title="bbox 10 1262 1061 1349">
    <p class='ocr_par' dir='ltr' id='par_1_4' title="bbox 10 1262 1061 1349">
     <span class='ocr_line' id='line_1_12' title="bbox 10 1262 1061 1349; baseline -0.002 -20"><span class='ocrx_word' id='word_1_72' title='bbox 10 1310 12 1343; x_wconf 65' lang='lat'><strong>,</strong></span> <span class='ocrx_word' id='word_1_73' title='bbox 133 1263 404 1349; x_wconf 64' lang='lat' dir='ltr'><strong>cognatiquiete</strong></span> <span class='ocrx_word' id='word_1_74' title='bbox 416 1264 537 1328; x_wconf 86' lang='lat' dir='ltr'><strong>selvost</strong></span> <span class='ocrx_word' id='word_1_75' title='bbox 547 1262 661 1346; x_wconf 85' lang='lat' dir='ltr'><strong>opus?’</strong></span> <span class='ocrx_word' id='word_1_76' title='bbox 674 1262 781 1328; x_wconf 81' lang='lat' dir='ltr'><strong>‘Haud</strong></span> <span class='ocrx_word' id='word_1_77' title='bbox 793 1263 874 1329; x_wconf 90' lang='lat' dir='ltr'><strong>mihi</strong></span> <span class='ocrx_word' id='word_1_78' title='bbox 885 1265 1061 1348; x_wconf 86' lang='lat' dir='ltr'><strong>quisquam.</strong></span> 
     </span>
    </p>
   </div>
   <div class='ocr_carea' id='block_1_5' title="bbox 133 1346 1035 1517">
    <p class='ocr_par' dir='ltr' id='par_1_5' title="bbox 133 1346 1035 1517">
     <span class='ocr_line' id='line_1_13' title="bbox 133 1346 944 1433; baseline -0.002 -18"><span class='ocrx_word' id='word_1_79' title='bbox 133 1347 253 1415; x_wconf 82' lang='lat' dir='ltr'><strong>Omnes</strong></span> <span class='ocrx_word' id='word_1_80' title='bbox 276 1348 451 1433; x_wconf 63' lang='lat' dir='ltr'><strong>conposui?</strong></span> <span class='ocrx_word' id='word_1_81' title='bbox 476 1347 625 1412; x_wconf 74' lang='lat' dir='ltr'><strong>‘Felicesl</strong></span> <span class='ocrx_word' id='word_1_82' title='bbox 648 1346 745 1414; x_wconf 90' lang='lat' dir='ltr'><strong>Nunc</strong></span> <span class='ocrx_word' id='word_1_83' title='bbox 766 1368 827 1433; x_wconf 82' lang='lat' dir='ltr'><strong>ego</strong></span> <span class='ocrx_word' id='word_1_84' title='bbox 848 1351 944 1413; x_wconf 89' lang='lat' dir='ltr'><strong>resto.</strong></span> 
     </span>
     <span class='ocr_line' id='line_1_14' title="bbox 133 1430 1035 1517; baseline -0.003 -19"><span class='ocrx_word' id='word_1_85' title='bbox 133 1431 280 1498; x_wconf 81' lang='lat' dir='ltr'><strong>Oonfice:</strong></span> <span class='ocrx_word' id='word_1_86' title='bbox 302 1453 440 1517; x_wconf 83' lang='lat' dir='ltr'><strong>nemque</strong></span> <span class='ocrx_word' id='word_1_87' title='bbox 454 1432 555 1497; x_wconf 82' lang='lat' dir='ltr'><strong>instat</strong></span> <span class='ocrx_word' id='word_1_88' title='bbox 568 1432 670 1496; x_wconf 77' lang='lat' dir='ltr'><strong>fetuum</strong></span> <span class='ocrx_word' id='word_1_89' title='bbox 684 1430 764 1496; x_wconf 89' lang='lat' dir='ltr'><strong>mihi</strong></span> <span class='ocrx_word' id='word_1_90' title='bbox 778 1432 885 1514; x_wconf 83' lang='lat' dir='ltr'><strong>triste,</strong></span> <span class='ocrx_word' id='word_1_91' title='bbox 907 1430 1035 1497; x_wconf 81' lang='lat' dir='ltr'><strong>Sabelle</strong></span> 
     </span>
    </p>
   </div>
   <div class='ocr_carea' id='block_1_6' title="bbox 10 1515 1099 1600">
    <p class='ocr_par' dir='ltr' id='par_1_6' title="bbox 10 1515 1099 1600">
     <span class='ocr_line' id='line_1_15' title="bbox 10 1515 1099 1600; baseline -0.006 -17"><span class='ocrx_word' id='word_1_92' title='bbox 10 1538 12 1591; x_wconf 81' lang='grc' dir='ltr'><em>ῑ</em></span> <span class='ocrx_word' id='word_1_93' title='bbox 133 1515 226 1594; x_wconf 84' lang='lat' dir='ltr'><strong>Quod</strong></span> <span class='ocrx_word' id='word_1_94' title='bbox 247 1536 347 1600; x_wconf 88' lang='lat' dir='ltr'><strong>puero</strong></span> <span class='ocrx_word' id='word_1_95' title='bbox 369 1515 486 1583; x_wconf 84' lang='lat' dir='ltr'><strong>cecinit</strong></span> <span class='ocrx_word' id='word_1_96' title='bbox 505 1515 614 1581; x_wconf 79' lang='lat' dir='ltr'><strong>divine</strong></span> <span class='ocrx_word' id='word_1_97' title='bbox 633 1519 722 1580; x_wconf 78' lang='lat' dir='ltr'><strong>mota</strong></span> <span class='ocrx_word' id='word_1_98' title='bbox 744 1536 825 1581; x_wconf 87' lang='lat' dir='ltr'><strong>enus</strong></span> <span class='ocrx_word' id='word_1_99' title='bbox 845 1537 942 1580; x_wconf 81' lang='lat' dir='ltr'><strong>rnna:</strong></span> <span class='ocrx_word' id='word_1_100' title='bbox 1065 1528 1099 1577; x_wconf 85' lang='lat' dir='ltr'><strong>so</strong></span> 
     </span>
    </p>
   </div>
   <div class='ocr_carea' id='block_1_7' title="bbox 132 1598 1035 1685">
    <p class='ocr_par' dir='ltr' id='par_1_7' title="bbox 132 1598 1035 1685">
     <span class='ocr_line' id='line_1_16' title="bbox 132 1598 1035 1685; baseline -0.004 -19"><span class='ocrx_word' id='word_1_101' title='bbox 132 1600 229 1666; x_wconf 89' lang='lat' dir='ltr'><strong>Hunc</strong></span> <span class='ocrx_word' id='word_1_102' title='bbox 242 1623 346 1685; x_wconf 87' lang='lat' dir='ltr'><strong>neque</strong></span> <span class='ocrx_word' id='word_1_103' title='bbox 360 1601 431 1666; x_wconf 82' lang='lat' dir='ltr'><strong>dira</strong></span> <span class='ocrx_word' id='word_1_104' title='bbox 443 1621 566 1665; x_wconf 83' lang='lat' dir='ltr'><strong>venene</strong></span> <span class='ocrx_word' id='word_1_105' title='bbox 579 1620 640 1665; x_wconf 89' lang='lat' dir='ltr'><strong>nec</strong></span> <span class='ocrx_word' id='word_1_106' title='bbox 656 1598 799 1666; x_wconf 86' lang='lat' dir='ltr'><strong>hosticus</strong></span> <span class='ocrx_word' id='word_1_107' title='bbox 814 1599 935 1665; x_wconf 79' lang='lat' dir='ltr'><strong>auferet</strong></span> <span class='ocrx_word' id='word_1_108' title='bbox 950 1599 1035 1664; x_wconf 86' lang='lat' dir='ltr'><strong>ensis</strong></span> 
     </span>
    </p>
   </div>
   <div class='ocr_carea' id='block_1_8' title="bbox 10 1676 1034 1773">
    <p class='ocr_par' dir='ltr' id='par_1_8' title="bbox 10 1676 1034 1773">
     <span class='ocr_line' id='line_1_17' title="bbox 10 1676 1034 1773; baseline 0.011 -30"><span class='ocrx_word' id='word_1_109' title='bbox 10 1676 12 1773; x_wconf 59' lang='lat'><strong>,</strong></span> <span class='ocrx_word' id='word_1_110' title='bbox 132 1691 199 1753; x_wconf 85' lang='lat' dir='ltr'><strong>Nec</strong></span> <span class='ocrx_word' id='word_1_111' title='bbox 221 1685 357 1749; x_wconf 77' lang='lat' dir='ltr'><strong>laterum</strong></span> <span class='ocrx_word' id='word_1_112' title='bbox 378 1685 470 1765; x_wconf 89' lang='lat' dir='ltr'><strong>dolor</strong></span> <span class='ocrx_word' id='word_1_113' title='bbox 491 1687 549 1749; x_wconf 85' lang='lat' dir='ltr'><strong>eut</strong></span> <span class='ocrx_word' id='word_1_114' title='bbox 567 1683 665 1749; x_wconf 85' lang='lat' dir='ltr'><strong>tussis</strong></span> <span class='ocrx_word' id='word_1_115' title='bbox 684 1705 745 1749; x_wconf 87' lang='lat' dir='ltr'><strong>neo</strong></span> <span class='ocrx_word' id='word_1_116' title='bbox 765 1684 858 1749; x_wconf 79' lang='lat' dir='ltr'><strong>tende</strong></span> <span class='ocrx_word' id='word_1_117' title='bbox 877 1683 1034 1770; x_wconf 72' lang='lat' dir='ltr'><strong>podagrs3</strong></span> 
     </span>
    </p>
   </div>
   <div class='ocr_carea' id='block_1_9' title="bbox 133 1768 1034 1854">
    <p class='ocr_par' dir='ltr' id='par_1_9' title="bbox 133 1768 1034 1854">
     <span class='ocr_line' id='line_1_18' title="bbox 133 1768 1034 1854; baseline -0.002 -20"><span class='ocrx_word' id='word_1_118' title='bbox 133 1769 289 1834; x_wconf 78' lang='lat' dir='ltr'><strong>Garrulus</strong></span> <span class='ocrx_word' id='word_1_119' title='bbox 298 1769 384 1835; x_wconf 90' lang='lat' dir='ltr'><strong>hunc</strong></span> <span class='ocrx_word' id='word_1_120' title='bbox 395 1768 523 1854; x_wconf 80' lang='lat' dir='ltr'><strong>quando</strong></span> <span class='ocrx_word' id='word_1_121' title='bbox 533 1771 701 1834; x_wconf 75' lang='lat' dir='ltr'><strong>consumet</strong></span> <span class='ocrx_word' id='word_1_122' title='bbox 712 1790 861 1854; x_wconf 89' lang='lat' dir='ltr'><strong>cumque:</strong></span> <span class='ocrx_word' id='word_1_123' title='bbox 876 1769 1034 1852; x_wconf 78' lang='lat' dir='ltr'><strong>loquaces,</strong></span> 
     </span>
    </p>
   </div>
   <div class='ocr_carea' id='block_1_10' title="bbox 10 1826 1099 2105">
    <p class='ocr_par' dir='ltr' id='par_1_10' title="bbox 10 1826 1099 2105">
     <span class='ocr_line' id='line_1_19' title="bbox 10 1826 986 1939; baseline -0.002 -20"><span class='ocrx_word' id='word_1_124' title='bbox 10 1826 12 1919; x_wconf 64' lang='lat' dir='ltr'><strong>i</strong></span> <span class='ocrx_word' id='word_1_125' title='bbox 134 1853 171 1918; x_wconf 80' lang='lat' dir='ltr'><strong>Si</strong></span> <span class='ocrx_word' id='word_1_126' title='bbox 192 1854 310 1937; x_wconf 84' lang='lat' dir='ltr'><strong>sapiat,</strong></span> <span class='ocrx_word' id='word_1_127' title='bbox 331 1854 424 1935; x_wconf 82' lang='lat' dir='ltr'><strong>vitet,</strong></span> <span class='ocrx_word' id='word_1_128' title='bbox 447 1853 543 1917; x_wconf 90' lang='lat' dir='ltr'><strong>simul</strong></span> <span class='ocrx_word' id='word_1_129' title='bbox 563 1855 659 1939; x_wconf 81' lang='lat' dir='ltr'><strong>etque</strong></span> <span class='ocrx_word' id='word_1_130' title='bbox 681 1853 855 1919; x_wconf 76' lang='lat' dir='ltr'><strong>adoleverit</strong></span> <span class='ocrx_word' id='word_1_131' title='bbox 875 1857 986 1918; x_wconf 68' lang='lat' dir='ltr'><strong>setes?</strong></span> 
     </span>
     <span class='ocr_line' id='line_1_20' title="bbox 10 1936 1099 2022; baseline -0.004 -21"><span class='ocrx_word' id='word_1_132' title='bbox 10 1952 12 2011; x_wconf 76' lang='grc' dir='ltr'>ξ</span> <span class='ocrx_word' id='word_1_133' title='bbox 131 1936 276 2002; x_wconf 80' lang='lat' dir='ltr'><strong>Ventum</strong></span> <span class='ocrx_word' id='word_1_134' title='bbox 298 1941 365 2002; x_wconf 85' lang='lat' dir='ltr'><strong>eret</strong></span> <span class='ocrx_word' id='word_1_135' title='bbox 385 1937 427 2002; x_wconf 81' lang='lat' dir='ltr'><strong>ed</strong></span> <span class='ocrx_word' id='word_1_136' title='bbox 446 1936 580 2022; x_wconf 79' lang='lat' dir='ltr'><strong>Vestae,</strong></span> <span class='ocrx_word' id='word_1_137' title='bbox 604 1939 716 2021; x_wconf 76' lang='lat' dir='ltr'><strong>quarte</strong></span> <span class='ocrx_word' id='word_1_138' title='bbox 736 1938 800 2002; x_wconf 83' lang='lat' dir='ltr'><strong>iem</strong></span> <span class='ocrx_word' id='word_1_139' title='bbox 821 1940 912 2022; x_wconf 83' lang='lat' dir='ltr'><strong>parte</strong></span> <span class='ocrx_word' id='word_1_140' title='bbox 933 1937 997 2002; x_wconf 90' lang='lat' dir='ltr'><strong>diei</strong></span> <span class='ocrx_word' id='word_1_141' title='bbox 1065 1948 1099 1998; x_wconf 82' lang='lat'><strong>35</strong></span> 
     </span>
     <span class='ocr_line' id='line_1_21' title="bbox 10 2021 924 2105; baseline 0 -19"><span class='ocrx_word' id='word_1_142' title='bbox 10 2038 12 2069; x_wconf 78' lang='grc' dir='ltr'><em>ῑ</em></span> <span class='ocrx_word' id='word_1_143' title='bbox 132 2021 323 2104; x_wconf 79' lang='lat' dir='ltr'><strong>Praeterita,</strong></span> <span class='ocrx_word' id='word_1_144' title='bbox 346 2025 379 2087; x_wconf 89' lang='lat' dir='ltr'><strong>et</strong></span> <span class='ocrx_word' id='word_1_145' title='bbox 400 2042 476 2086; x_wconf 79' lang='lat' dir='ltr'><strong>essu</strong></span> <span class='ocrx_word' id='word_1_146' title='bbox 496 2025 574 2086; x_wconf 77' lang='lat' dir='ltr'><strong>tunc</strong></span> <span class='ocrx_word' id='word_1_147' title='bbox 595 2021 788 2105; x_wconf 87' lang='lat' dir='ltr'><strong>respondere</strong></span> <span class='ocrx_word' id='word_1_148' title='bbox 808 2022 924 2086; x_wconf 72' lang='lat' dir='ltr'><strong>vadato</strong></span> 
     </span>
    </p>
   </div>
   <div class='ocr_carea' id='block_1_11' title="bbox 10 2105 896 2190">
    <p class='ocr_par' dir='ltr' id='par_1_11' title="bbox 10 2105 896 2190">
     <span class='ocr_line' id='line_1_22' title="bbox 10 2105 896 2190; baseline -0.002 -18"><span class='ocrx_word' id='word_1_149' title='bbox 10 2144 12 2147; x_wconf 33' lang='lat' dir='ltr'>v</span> <span class='ocrx_word' id='word_1_150' title='bbox 132 2105 292 2190; x_wconf 81' lang='lat' dir='ltr'><strong>Debebst3</strong></span> <span class='ocrx_word' id='word_1_151' title='bbox 315 2105 457 2189; x_wconf 88' lang='lat' dir='ltr'><strong>quodni</strong></span> <span class='ocrx_word' id='word_1_152' title='bbox 478 2106 619 2188; x_wconf 84' lang='lat' dir='ltr'><strong>fecisset,</strong></span> <span class='ocrx_word' id='word_1_153' title='bbox 645 2105 776 2188; x_wconf 84' lang='lat' dir='ltr'><strong>perdere</strong></span> <span class='ocrx_word' id='word_1_154' title='bbox 797 2106 896 2170; x_wconf 87' lang='lat' dir='ltr'><strong>litem.</strong></span> 
     </span>
    </p>
   </div>
   <div class='ocr_carea' id='block_1_12' title="bbox 130 2188 1102 3622">
    <p class='ocr_par' dir='ltr' id='par_1_12' title="bbox 132 2188 1036 2357">
     <span class='ocr_line' id='line_1_23' title="bbox 132 2188 1036 2338; baseline 0 -84"><span class='ocrx_word' id='word_1_155' title='bbox 132 2188 182 2255; x_wconf 74' lang='lat' dir='ltr'><strong>‘Si</strong></span> <span class='ocrx_word' id='word_1_156' title='bbox 208 2210 260 2254; x_wconf 88' lang='lat' dir='ltr'><strong>me</strong></span> <span class='ocrx_word' id='word_1_157' title='bbox 287 2194 403 2272; x_wconf 85' lang='lat' dir='ltr'><strong>emes,&#39;</strong></span> <span class='ocrx_word' id='word_1_158' title='bbox 430 2189 535 2273; x_wconf 84' lang='lat' dir='ltr'><strong>inquit</strong></span> <span class='ocrx_word' id='word_1_159' title='bbox 561 2189 716 2274; x_wconf 77' lang='lat' dir='ltr'><strong>‘paullum</strong></span> <span class='ocrx_word' id='word_1_160' title='bbox 742 2188 802 2338; x_wconf 55' lang='lat' dir='ltr'><strong>theic</strong></span> <span class='ocrx_word' id='word_1_161' title='bbox 828 2188 928 2287; x_wconf 63' lang='lat' dir='ltr'><strong>edes}</strong></span> <span class='ocrx_word' id='word_1_162' title='bbox 973 2189 1036 2254; x_wconf 75' lang='lat' dir='ltr'><strong>‘In-</strong></span> 
     </span>
     <span class='ocr_line' id='line_1_24' title="bbox 775 2294 928 2357; baseline 0.007 -21"><span class='ocrx_word' id='word_1_163' title='bbox 775 2294 928 2357; x_wconf 85' lang='lat' dir='ltr'><strong>reem,s1</strong></span> 
     </span>
    </p>

    <p class='ocr_par' dir='ltr' id='par_1_13' title="bbox 132 2357 854 2443">
     <span class='ocr_line' id='line_1_25' title="bbox 132 2357 854 2443; baseline -0.003 -20"><span class='ocrx_word' id='word_1_164' title='bbox 132 2359 204 2423; x_wconf 87' lang='lat' dir='ltr'><strong>Ant</strong></span> <span class='ocrx_word' id='word_1_165' title='bbox 223 2359 315 2423; x_wconf 84' lang='lat' dir='ltr'><strong>veleo</strong></span> <span class='ocrx_word' id='word_1_166' title='bbox 339 2362 422 2423; x_wconf 70' lang='lat' dir='ltr'><strong>stote</strong></span> <span class='ocrx_word' id='word_1_167' title='bbox 445 2361 502 2423; x_wconf 83' lang='lat' dir='ltr'><strong>eut</strong></span> <span class='ocrx_word' id='word_1_168' title='bbox 520 2359 598 2423; x_wconf 82' lang='lat' dir='ltr'><strong>novi</strong></span> <span class='ocrx_word' id='word_1_169' title='bbox 617 2358 726 2423; x_wconf 68' lang='lat' dir='ltr'><strong>vciuilia</strong></span> <span class='ocrx_word' id='word_1_170' title='bbox 746 2357 831 2443; x_wconf 70' lang='lat' dir='ltr'><strong>iure,</strong></span> <span class='ocrx_word' id='word_1_171' title='bbox 852 2358 854 2361; x_wconf 79' lang='grc'><strong>’</strong></span> 
     </span>
    </p>

    <p class='ocr_par' dir='ltr' id='par_1_14' title="bbox 132 2440 1100 2591">
     <span class='ocr_line' id='line_1_26' title="bbox 132 2440 1100 2590; baseline -0.003 -83"><span class='ocrx_word' id='word_1_172' title='bbox 132 2440 181 2508; x_wconf 80' lang='lat' dir='ltr'><strong>Et</strong></span> <span class='ocrx_word' id='word_1_173' title='bbox 200 2463 337 2526; x_wconf 84' lang='lat' dir='ltr'><strong>propero</strong></span> <span class='ocrx_word' id='word_1_174' title='bbox 357 2463 419 2527; x_wconf 88' lang='lat' dir='ltr'><strong>quo</strong></span> <span class='ocrx_word' id='word_1_175' title='bbox 436 2442 521 2507; x_wconf 69' lang='lat' dir='ltr'><strong>eois!</strong></span> <span class='ocrx_word' id='word_1_176' title='bbox 560 2441 696 2507; x_wconf 79' lang='lat' dir='ltr'><strong>‘Dubius</strong></span> <span class='ocrx_word' id='word_1_177' title='bbox 717 2462 788 2539; x_wconf 79' lang='lat' dir='ltr'><strong>sum</strong></span> <span class='ocrx_word' id='word_1_178' title='bbox 810 2441 886 2590; x_wconf 60' lang='grc' dir='ltr'><strong>(1ιέἰά</strong></span> <span class='ocrx_word' id='word_1_179' title='bbox 906 2441 1034 2507; x_wconf 83' lang='lat' dir='ltr'><strong>leoiem&#39;</strong></span> <span class='ocrx_word' id='word_1_180' title='bbox 1067 2453 1100 2504; x_wconf 84' lang='lat'><strong>40</strong></span> 
     </span>
     <span class='ocr_line' id='line_1_27' title="bbox 308 2548 833 2591; baseline 0 0"><span class='ocrx_word' id='word_1_181' title='bbox 308 2570 310 2579; x_wconf 46' lang='grc' dir='ltr'><strong><em>ι</em></strong></span> <span class='ocrx_word' id='word_1_182' title='bbox 742 2548 778 2591; x_wconf 92' lang='lat' dir='ltr'><strong>m</strong></span> <span class='ocrx_word' id='word_1_183' title='bbox 799 2548 833 2591; x_wconf 87' lang='lat' dir='ltr'><strong>ur</strong></span> 
     </span>
    </p>

    <p class='ocr_par' dir='ltr' id='par_1_15' title="bbox 135 2546 1038 2695">
     <span class='ocr_line' id='line_1_28' title="bbox 135 2546 1038 2695; baseline 0 -21"><span class='ocrx_word' id='word_1_184' title='bbox 135 2608 236 2676; x_wconf 75' lang='lat' dir='ltr'><strong>‘Tene</strong></span> <span class='ocrx_word' id='word_1_185' title='bbox 263 2611 441 2695; x_wconf 81' lang='lat' dir='ltr'><strong>relinquam</strong></span> <span class='ocrx_word' id='word_1_186' title='bbox 470 2633 511 2675; x_wconf 87' lang='lat' dir='ltr'><strong>an</strong></span> <span class='ocrx_word' id='word_1_187' title='bbox 537 2616 628 2677; x_wconf 63' lang='lat' dir='ltr'><strong>rem?</strong></span> <span class='ocrx_word' id='word_1_188' title='bbox 677 2609 757 2694; x_wconf 79' lang='lat' dir='ltr'><strong>‘Me,</strong></span> <span class='ocrx_word' id='word_1_189' title='bbox 778 2546 900 2676; x_wconf 48' lang='lat' dir='ltr'><strong>[doddo]</strong></span> <span class='ocrx_word' id='word_1_190' title='bbox 950 2607 1038 2678; x_wconf 77' lang='lat' dir='ltr'><strong>‘Non</strong></span> 
     </span>
    </p>

    <p class='ocr_par' dir='ltr' id='par_1_16' title="bbox 744 2695 965 2779">
     <span class='ocr_line' id='line_1_29' title="bbox 744 2695 965 2779; baseline 0 -19"><span class='ocrx_word' id='word_1_191' title='bbox 744 2695 872 2761; x_wconf 84' lang='lat' dir='ltr'><strong>feoiem&#39;</strong></span> <span class='ocrx_word' id='word_1_192' title='bbox 895 2696 965 2779; x_wconf 89' lang='lat' dir='ltr'><strong>ille,</strong></span> 
     </span>
    </p>

    <p class='ocr_par' dir='ltr' id='par_1_17' title="bbox 133 2778 1039 2865">
     <span class='ocr_line' id='line_1_30' title="bbox 133 2778 1039 2865; baseline -0.001 -21"><span class='ocrx_word' id='word_1_193' title='bbox 133 2778 181 2844; x_wconf 87' lang='lat' dir='ltr'><strong>Et</strong></span> <span class='ocrx_word' id='word_1_194' title='bbox 196 2778 384 2863; x_wconf 76' lang='lat' dir='ltr'><strong>praecedere</strong></span> <span class='ocrx_word' id='word_1_195' title='bbox 400 2780 518 2865; x_wconf 82' lang='lat' dir='ltr'><strong>coepit3</strong></span> <span class='ocrx_word' id='word_1_196' title='bbox 542 2801 559 2844; x_wconf 85' lang='lat' dir='ltr'><strong>e</strong></span> <span class='ocrx_word' id='word_1_197' title='bbox 583 2801 618 2863; x_wconf 95' lang='lat' dir='ltr'><strong>o,</strong></span> <span class='ocrx_word' id='word_1_198' title='bbox 636 2783 674 2845; x_wconf 91' lang='lat' dir='ltr'><strong>ut</strong></span> <span class='ocrx_word' id='word_1_199' title='bbox 687 2780 878 2845; x_wconf 86' lang='lat' dir='ltr'><strong>contendere</strong></span> <span class='ocrx_word' id='word_1_200' title='bbox 893 2779 1039 2843; x_wconf 89' lang='lat' dir='ltr'><strong>durumst</strong></span> 
     </span>
    </p>

    <p class='ocr_par' dir='ltr' id='par_1_18' title="bbox 134 2801 1037 2948">
     <span class='ocr_line' id='line_1_31' title="bbox 134 2801 1037 2948; baseline -0.001 -20"><span class='ocrx_word' id='word_1_201' title='bbox 134 2863 220 2928; x_wconf 84' lang='lat' dir='ltr'><strong>Cum</strong></span> <span class='ocrx_word' id='word_1_202' title='bbox 229 2864 363 2946; x_wconf 85' lang='lat' dir='ltr'><strong>victore,</strong></span> <span class='ocrx_word' id='word_1_203' title='bbox 379 2885 504 2948; x_wconf 89' lang='lat' dir='ltr'><strong>sequor.</strong></span> <span class='ocrx_word' id='word_1_204' title='bbox 532 2801 712 2929; x_wconf 70' lang='lat' dir='ltr'><strong>‘dioeceses</strong></span> <span class='ocrx_word' id='word_1_205' title='bbox 723 2863 882 2947; x_wconf 88' lang='lat' dir='ltr'><strong>quomodo</strong></span> <span class='ocrx_word' id='word_1_206' title='bbox 896 2862 1037 2928; x_wconf 75' lang='lat' dir='ltr'><strong>tecuml’</strong></span> 
     </span>
    </p>

    <p class='ocr_par' dir='ltr' id='par_1_19' title="bbox 134 2945 1040 3033">
     <span class='ocr_line' id='line_1_32' title="bbox 134 2945 1040 3033; baseline 0 -22"><span class='ocrx_word' id='word_1_207' title='bbox 134 2945 223 3011; x_wconf 88' lang='lat' dir='ltr'><strong>Hinc</strong></span> <span class='ocrx_word' id='word_1_208' title='bbox 235 2947 576 3033; x_wconf 41' lang='lat' dir='ltr'><strong>repetit31³peucorum</strong></span> <span class='ocrx_word' id='word_1_209' title='bbox 596 2948 763 3013; x_wconf 91' lang='lat' dir='ltr'><strong>hominum</strong></span> <span class='ocrx_word' id='word_1_210' title='bbox 777 2951 810 3012; x_wconf 90' lang='lat' dir='ltr'><strong>et</strong></span> <span class='ocrx_word' id='word_1_211' title='bbox 825 2947 942 3012; x_wconf 86' lang='lat' dir='ltr'><strong>mentis</strong></span> <span class='ocrx_word' id='word_1_212' title='bbox 957 2947 1040 3012; x_wconf 90' lang='lat' dir='ltr'><strong>bene</strong></span> 
     </span>
    </p>

    <p class='ocr_par' dir='ltr' id='par_1_20' title="bbox 133 3052 1101 3214">
     <span class='ocr_line' id='line_1_33' title="bbox 133 3052 1101 3214; baseline -0.001 -34"><span class='ocrx_word' id='word_1_213' title='bbox 133 3113 241 3180; x_wconf 91' lang='lat' dir='ltr'><strong>Nemo</strong></span> <span class='ocrx_word' id='word_1_214' title='bbox 264 3114 425 3214; x_wconf 71' lang='lat' dir='ltr'><strong>dexterius</strong></span> <span class='ocrx_word' id='word_1_215' title='bbox 445 3116 607 3182; x_wconf 85' lang='lat' dir='ltr'><strong>fortunest</strong></span> <span class='ocrx_word' id='word_1_216' title='bbox 626 3139 712 3182; x_wconf 86' lang='lat' dir='ltr'><strong>usus.</strong></span> <span class='ocrx_word' id='word_1_217' title='bbox 745 3052 899 3182; x_wconf 57' lang='lat' dir='ltr'><strong>effles</strong></span> <span class='ocrx_word' id='word_1_218' title='bbox 1067 3126 1101 3179; x_wconf 71' lang='grc'><strong>45</strong></span> 
     </span>
    </p>

    <p class='ocr_par' dir='ltr' id='par_1_21' title="bbox 133 3196 1010 3285">
     <span class='ocr_line' id='line_1_34' title="bbox 133 3196 1010 3285; baseline 0.002 -22"><span class='ocrx_word' id='word_1_219' title='bbox 133 3196 293 3284; x_wconf 78' lang='lat' dir='ltr'><strong>Magnum</strong></span> <span class='ocrx_word' id='word_1_220' title='bbox 315 3199 508 3283; x_wconf 77' lang='lat' dir='ltr'><strong>adiutorem,</strong></span> <span class='ocrx_word' id='word_1_221' title='bbox 530 3204 641 3285; x_wconf 87' lang='lat' dir='ltr'><strong>posset</strong></span> <span class='ocrx_word' id='word_1_222' title='bbox 682 3201 716 3265; x_wconf 90' lang='lat' dir='ltr'><strong>ui</strong></span> <span class='ocrx_word' id='word_1_223' title='bbox 736 3202 819 3267; x_wconf 84' lang='lat' dir='ltr'><strong>ferre</strong></span> <span class='ocrx_word' id='word_1_224' title='bbox 841 3201 1010 3284; x_wconf 81' lang='lat' dir='ltr'><strong>secundos,</strong></span> 
     </span>
    </p>

    <p class='ocr_par' dir='ltr' id='par_1_22' title="bbox 132 3222 1023 3369">
     <span class='ocr_line' id='line_1_35' title="bbox 132 3222 1023 3369; baseline 0.001 -22"><span class='ocrx_word' id='word_1_225' title='bbox 132 3281 233 3348; x_wconf 89' lang='lat' dir='ltr'><strong>Hunc</strong></span> <span class='ocrx_word' id='word_1_226' title='bbox 253 3281 417 3350; x_wconf 86' lang='lat' dir='ltr'><strong>hominem</strong></span> <span class='ocrx_word' id='word_1_227' title='bbox 438 3285 537 3350; x_wconf 87' lang='lat' dir='ltr'><strong>velles</strong></span> <span class='ocrx_word' id='word_1_228' title='bbox 560 3285 588 3348; x_wconf 89' lang='lat' dir='ltr'><strong>si</strong></span> <span class='ocrx_word' id='word_1_229' title='bbox 609 3222 751 3350; x_wconf 80' lang='lat' dir='ltr'><strong>tradere:</strong></span> <span class='ocrx_word' id='word_1_230' title='bbox 773 3285 965 3369; x_wconf 78' lang='lat' dir='ltr'><strong>dispeream,</strong></span> <span class='ocrx_word' id='word_1_231' title='bbox 987 3284 1023 3348; x_wconf 90' lang='lat' dir='ltr'><strong>ni</strong></span> 
     </span>
    </p>

    <p class='ocr_par' dir='ltr' id='par_1_23' title="bbox 134 3364 961 3434">
     <span class='ocr_line' id='line_1_36' title="bbox 134 3364 961 3434; baseline 0 -2"><span class='ocrx_word' id='word_1_232' title='bbox 134 3364 339 3433; x_wconf 79' lang='lat' dir='ltr'><strong>Summosses</strong></span> <span class='ocrx_word' id='word_1_233' title='bbox 361 3378 496 3434; x_wconf 66' lang='lat' dir='ltr'><strong>omnes?</strong></span> <span class='ocrx_word' id='word_1_234' title='bbox 542 3367 630 3434; x_wconf 80' lang='lat' dir='ltr'><strong>‘Non</strong></span> <span class='ocrx_word' id='word_1_235' title='bbox 651 3370 714 3434; x_wconf 83' lang='lat' dir='ltr'><strong>isto</strong></span> <span class='ocrx_word' id='word_1_236' title='bbox 736 3369 872 3434; x_wconf 76' lang='lat' dir='ltr'><strong>vivimus</strong></span> <span class='ocrx_word' id='word_1_237' title='bbox 894 3369 961 3433; x_wconf 87' lang='lat' dir='ltr'><strong>illio</strong></span> 
     </span>
    </p>

    <p class='ocr_par' dir='ltr' id='par_1_24' title="bbox 133 3417 1040 3538">
     <span class='ocr_line' id='line_1_37' title="bbox 133 3417 1040 3538; baseline 0 -22"><span class='ocrx_word' id='word_1_238' title='bbox 133 3446 207 3526; x_wconf 82' lang='lat' dir='ltr'><strong>Quo</strong></span> <span class='ocrx_word' id='word_1_239' title='bbox 228 3454 266 3516; x_wconf 87' lang='lat' dir='ltr'><strong>tu</strong></span> <span class='ocrx_word' id='word_1_240' title='bbox 287 3471 371 3535; x_wconf 88' lang='lat' dir='ltr'><strong>rere,</strong></span> <span class='ocrx_word' id='word_1_241' title='bbox 393 3452 505 3538; x_wconf 70' lang='lat' dir='ltr'><strong>modo,</strong></span> <span class='ocrx_word' id='word_1_242' title='bbox 528 3452 642 3519; x_wconf 88' lang='lat' dir='ltr'><strong>domus</strong></span> <span class='ocrx_word' id='word_1_243' title='bbox 662 3452 723 3518; x_wconf 86' lang='lat' dir='ltr'><strong>hee</strong></span> <span class='ocrx_word' id='word_1_244' title='bbox 736 3474 798 3519; x_wconf 88' lang='lat' dir='ltr'><strong>nec</strong></span> <span class='ocrx_word' id='word_1_245' title='bbox 819 3453 929 3537; x_wconf 89' lang='lat' dir='ltr'><strong>purior</strong></span> <span class='ocrx_word' id='word_1_246' title='bbox 942 3417 1040 3517; x_wconf 78' lang='lat' dir='ltr'><strong>ullast</strong></span> 
     </span>
    </p>

    <p class='ocr_par' dir='ltr' id='par_1_25' title="bbox 130 3533 1102 3622">
     <span class='ocr_line' id='line_1_38' title="bbox 130 3533 1102 3622; baseline -0.003 -22"><span class='ocrx_word' id='word_1_247' title='bbox 130 3533 168 3600; x_wconf 93' lang='lat' dir='ltr'>N</span> <span class='ocrx_word' id='word_1_248' title='bbox 168 3556 204 3600; x_wconf 88' lang='lat' dir='ltr'><strong>ec</strong></span> <span class='ocrx_word' id='word_1_249' title='bbox 215 3537 320 3622; x_wconf 80' lang='lat' dir='ltr'><strong>magis</strong></span> <span class='ocrx_word' id='word_1_250' title='bbox 334 3535 386 3602; x_wconf 90' lang='lat' dir='ltr'><strong>his</strong></span> <span class='ocrx_word' id='word_1_251' title='bbox 398 3537 505 3602; x_wconf 80' lang='lat' dir='ltr'><strong>aliena</strong></span> <span class='ocrx_word' id='word_1_252' title='bbox 514 3536 622 3622; x_wconf 68' lang='lat' dir='ltr'><strong>melis,</strong></span> <span class='ocrx_word' id='word_1_253' title='bbox 637 3537 685 3601; x_wconf 88' lang='lat' dir='ltr'><strong>nil</strong></span> <span class='ocrx_word' id='word_1_254' title='bbox 700 3537 745 3601; x_wconf 89' lang='lat' dir='ltr'><strong>mi</strong></span> <span class='ocrx_word' id='word_1_255' title='bbox 760 3537 882 3621; x_wconf 87' lang='lat' dir='ltr'><strong>officit,&#39;</strong></span> <span class='ocrx_word' id='word_1_256' title='bbox 897 3537 1039 3620; x_wconf 83' lang='lat' dir='ltr'><strong>inquom,</strong></span> <span class='ocrx_word' id='word_1_257' title='bbox 1068 3547 1102 3598; x_wconf 79' lang='lat'><strong>50</strong></span> 
     </span>
    </p>
   </div>
   <div class='ocr_carea' id='block_1_13' title="bbox 0 0 1311 4028">
    <p class='ocr_par' dir='ltr' id='par_1_26' title="bbox 0 0 1311 4028">
     <span class='ocr_line' id='line_1_39' title="bbox 0 0 1311 4028; baseline 0 0"><span class='ocrx_word' id='word_1_258' title='bbox 0 0 1311 4028; x_wconf 95' lang='lat' dir='ltr'><strong> </strong></span> 
     </span>
    </p>
   </div>
  </div>
 </body>
</html>
