2600 4026
441 834 838 933 EPODON

584 1029 698 1082 LIBER.

618 1205 647 1279 I.

259 1307 336 1404 Ius
358 1335 508 1401 uramus
529 1336 613 1400 aar
634 1336 699 1400 aa
719 1335 864 1418 navium,

306 1420 433 1503 Amice,
455 1421 710 1505 propugnacula,

257 1503 392 1570 Paratus
414 1526 510 1571 omne
530 1502 675 1569 Caesaris
695 1504 871 1587 periculum

306 1588 433 1670 Subirc,
456 1587 638 1671 Maecenas,
660 1591 727 1652 tue.

259 1671 343 1747 Quid
363 1693 438 1755 nes,
461 1672 576 1755 quibus
596 1675 629 1736 te
650 1672 717 1736 vita
738 1672 766 1736 si
788 1672 957 1756 superstite

305 1754 462 1838 Iucunda,
485 1756 514 1820 si
534 1758 661 1838 eontra,
682 1756 812 1841 gravis?

257 1839 415 1904 Vtrumne
429 1840 519 1920 *iussi
539 1861 765 1924 persequemur
785 1842 887 1904 otium

305 1923 382 1988 Non
403 1923 509 2006 dulce,
531 1924 566 1987 ni
587 1926 693 1989 tecum
715 1923 825 2006 simul,

258 2007 314 2072 An
333 2007 420 2072 hunc
440 2007 581 2071 laborem
602 2010 716 2071 mente
730 2008 841 2090 laturi,
864 2007 954 2074 decet

306 2089 377 2167 Qua
397 2091 479 2156 ferre
500 2112 568 2155 non
589 2091 703 2155 molles
724 2090 831 2154 viros?

258 2174 424 2257 Feremus,
446 2177 479 2239 et
498 2177 532 2239 te
551 2175 603 2239 vel
647 2195 681 2238 er
701 2174 833 2258 Alpium
854 2175 930 2259 iuga

305 2258 536 2342 Inhospitalem
557 2262 590 2322 et
638 2278 802 2340 aucasum,

257 2341 319 2409 Vel
333 2342 523 2408 Occidentis
544 2363 644 2425 usque
666 2341 706 2405 ad
726 2341 874 2406 ultimum
895 2342 1000 2407 sinum

305 2426 394 2490 Furti
416 2447 585 2509 sequemur
604 2428 742 2509 pectore.

257 2507 308 2575 Ro
332 2531 381 2591 es,
402 2511 493 2573 tuum
514 2509 624 2574 labore
645 2509 722 2592 quid
742 2509 847 2574 iuvem
867 2531 955 2592 mee,

345 2593 438 2658 bellis
460 2615 497 2657 ae
517 2593 627 2657 firmus
651 2593 787 2676 parum?

258 2676 374 2743 Comes
396 2677 519 2741 minore
541 2699 611 2741 sum
631 2677 756 2742 futurus
777 2677 813 2741 in
833 2681 937 2761 metu,

305 2759 366 2837 Qui
388 2761 491 2826 maior
512 2760 659 2825 absentes
680 2760 790 2824 habet:

258 2843 306 2908 Vt
327 2845 474 2909 adsidens
495 2842 691 2927 inplumibus
713 2844 809 2927 pullis
832 2844 899 2909 avie

305 2926 507 3013 Serpentium
529 2928 677 3011 adlapsus
698 2929 791 2992 timet

251 3011 294 3075 M
341 3011 366 3076 's
386 3012 523 3094 relictis,
545 3033 613 3077 non
633 3014 681 3077 uti
703 3011 745 3076 sit
765 3012 864 3076 auxili

332 3098 424 3159 utura
444 3097 516 3180 plus
537 3096 766 3178 praesentibus.

255 3178 409 3244 Libenter
429 3179 491 3244 huc
513 3181 546 3245 ct
568 3200 661 3243 omne
682 3177 873 3243 militabitur

303 3261 431 3328 Bellum
452 3264 488 3327 in
508 3265 582 3328 tuae
605 3284 694 3360 spem
715 3263 854 3348 gratiae,

254 3345 333 3415 Non
354 3350 392 3410 ut
412 3347 554 3411 iuvencis
575 3347 711 3431 inhgata
731 3346 875 3431 pluribus

303 3431 422 3496 Aratra
441 3432 586 3496 nitantur
606 3451 692 3516 mea,

1099 1685 1117 1735 ὓ
