2610 4028
11 16 241 180 ..f

120 270 168 346 u]
489 248 495 261 “
535 268 685 329 traaas
1028 262 1090 329 129

119 434 192 500 Hoc
207 435 295 500 amat
309 437 342 499 et
355 432 479 515 laudat,
497 435 689 498 ‘matronam
704 431 825 498 nullam
840 453 900 519 ego
913 436 1036 519 tango!

119 518 166 584 Vt
187 517 349 603 quondam
370 516 549 600 Marsaeus,
572 519 697 582 amator
718 515 861 602 Originis
882 518 952 600 ille,
1055 530 1089 580 11

119 601 188 751 1111111
227 601 345 667 atrium
366 602 483 667 mimae
505 600 604 666 donat
624 601 820 685 fundumque
834 601 1024 694 Laremque,

120 692 132 722 ‘
236 686 298 752 erit
307 686 364 752 mi’
375 685 481 771 inquit
491 693 576 751 ‘cum
587 686 739 750 uxoribus
750 706 902 770 umquam
913 686 1049 751 alienis.’

119 770 242 837 Verum
257 773 307 835 est
320 791 392 837 oum
406 770 528 852 mimis,
548 774 599 835 est
613 790 685 835 cunr
700 770 934 853 meretricibus,
955 770 1040 836 unde

119 854 218 921 Fama
240 854 361 921 malurn
387 854 516 940 gravia
538 874 634 939 quam
655 875 706 919 res
732 853 840 1004 quirit,
883 856 938 920 An
965 856 1024 919 tibi

732 960 751 1002 a
773 960 818 1003 un
840 961 857 1004 1

119 1024 298 1091 Personam
319 1023 397 1089 satis
420 1025 484 1105 est,
506 1043 573 1088 non
595 1021 689 1105 illud,
712 1021 867 1107 quidquid
887 1024 1004 1109 ubique
1056 1038 1089 1088 eo

121 1108 247 1192 Offieit,
271 1106 412 1173 evitare?
440 1106 565 1171 Bonam
587 1106 757 1191 deperdere
779 1107 915 1193 lamam,

120 1192 203 1258 Rem
214 1192 316 1277 patris
326 1191 490 1275 oblimare,
501 1191 653 1256 malumst
662 1190 863 1277 ubicumque.
880 1192 965 1269 Quid
975 1193 1059 1259 iuter

120 1276 184 1342 Est
203 1277 240 1341 in
260 1278 423 1359 matrona,
448 1275 565 1340 ancilla
585 1295 739 1360 peccesne
760 1277 893 1362 togata?

121 1359 241 1426 Villius
261 1361 297 1425 in
319 1359 436 1425 Fausta
457 1358 564 1426 Sullae
585 1379 720 1444 genero,
742 1358 805 1425 hoo
826 1361 923 1426 miser
944 1384 1008 1427 uno

121 1444 263 1510 Nomine
284 1444 450 1529 deceptus,
472 1464 593 1529 poenas
615 1443 822 1529 deditusque
844 1466 999 1530 superque
1056 1458 1089 1509 os

122 1528 226 1604 Quam
248 1528 326 1593 satis
348 1531 411 1611 est,
432 1528 551 1614 pugnis
573 1548 684 1594 caesus
705 1527 852 1613 ferroque
874 1531 993 1614 petitus
999 1579 1008 1614 ,

11 1690 13 1695 ,
121 1611 280 1678 Exclusus
301 1612 385 1695 fore,
408 1632 479 1678 cum
501 1611 708 1698 Longarenus
729 1611 814 1678 foret
834 1613 930 1680 intus.

11 1712 13 1773 1
122 1696 207 1762 Huic
229 1697 256 1761 si
278 1697 419 1761 mutonis
440 1696 545 1761 verbis
567 1697 652 1762 mala
672 1699 764 1762 tanta
784 1696 922 1764 videntis

123 1779 254 1846 Diceret
274 1780 353 1846 haec
375 1781 500 1846 animus
523 1780 613 1865 ‘quid
632 1781 681 1846 vis
702 1780 785 1846 tibi?
813 1783 968 1867 numquid

732 1871 886 1932 10111

11 1996 13 2005 .
122 1949 245 2035 Magno
266 1953 460 2036 prognatum
482 1949 620 2035 deposco
642 1887 772 2015 consuld
794 1972 934 2017 cunnum
1057 1966 1090 2016 10

122 2033 337 2119 Velatumque
359 2035 456 2117 stola,
478 2055 549 2099 mea
571 2055 644 2099 cum
666 2034 847 2100 conferbuit
867 2036 949 2101 iral’

13 2180 14 2193 ,
123 2117 208 2195 Quid
223 2118 451 2204 responderet?
478 2117 611 2204 ‘Magno
629 2120 720 2202 patre
733 2121 809 2183 nata
830 2121 988 2205 puellast.'

13 2208 14 2213 ’
122 2203 171 2267 At
192 2205 310 2287 quanto
331 2203 466 2268 meliora
487 2206 597 2268 monet
616 2202 857 2300 pugnantiaque
878 2204 949 2267 istis

122 2285 222 2352 Dives
244 2288 314 2371 opis
335 2289 450 2352 natura
471 2309 560 2369 suae,
585 2288 621 2351 tu
643 2306 670 2349 11
691 2287 787 2351 modo
809 2289 914 2352 recte

122 2370 319 2455 Dispensare
340 2371 419 2436 velis
441 2393 478 2437 ac
499 2391 566 2436 non
588 2370 743 2455 fugienda
763 2370 911 2454 petendis
1057 2384 1089 2435 ⁷5

122 2454 306 2521 inmiscere.
350 2455 419 2519 Tuo
440 2456 519 2521 vitio
540 2476 688 2520 rerumne
709 2455 849 2538 labores,

17 2572 18 2577 1
121 2539 180 2605 Nil
201 2539 321 2605 referre
339 2539 456 2623 putas?
480 2539 599 2622 Quare,
621 2561 662 2605 111
706 2540 845 2605 aeniteat
865 2543 914 2624 ta,

17 2632 18 2635 ’
122 2622 243 2690 Desine
264 2627 426 2689 matronas
449 2625 614 2707 sectarier,
636 2561 720 2690 unde
742 2623 861 2690 laboris

122 2707 199 2773 Plus
220 2707 347 2773 haurire
361 2709 470 2774 maliet
491 2730 586 2792 quam
601 2730 640 2773 ex
655 2730 688 2773 re
704 2708 871 2793 decerpere
893 2709 1024 2775 fructus.

121 2790 191 2857 Nec
211 2793 315 2878 magis
337 2793 427 2876 huie,
450 2794 534 2857 inter
555 2793 665 2858 niveos
687 2793 866 2876 viridesque
894 2794 926 2857 11
948 2794 1021 2858 11111
1055 2808 1088 2857 10

122 2875 173 2941 Sit
199 2877 289 2960 licet,
318 2875 396 2960 hoo,
425 2874 592 2961 Cerintho,
625 2881 681 2941 tuo
715 2879 892 3026 tenqrumst
923 2816 1026 2942 demur

731 2983 771 3026 au
808 2982 880 3027 crus

121 3044 268 3128 Rectius,
291 3049 386 3130 atque
409 3046 505 3111 etiam
527 3047 640 3111 melius
662 3067 813 3131 persaepe
833 3049 1004 3132 togataest.

120 3129 213 3194 Adde
234 3129 298 3194 huc
320 3131 406 3214 quod
418 3151 557 3195 meroem
579 3132 648 3196 sine
670 3130 752 3196 fucis
773 3134 895 3217 gestat,
918 3136 1026 3216 aperte

120 3213 214 3289 Quod
228 3214 340 3279 venale
354 3215 451 3280 habet
469 3215 624 3298 ostendit,
643 3235 717 3298 neo,
739 3215 843 3300 siquid
857 3215 1024 3296 honestist,

120 3296 225 3363 Iactat
246 3297 405 3383 habetque
426 3300 549 3384 palam,
578 3299 702 3384 quaerit
723 3320 786 3383 quo
807 3299 914 3382 turpia
935 3299 1025 3363 celet.
1055 3311 1090 3362 81

119 3381 263 3468 Regibus
277 3380 331 3446 hie
345 3405 415 3448 mos
431 3388 493 3467 est,
510 3384 564 3448 ubi
576 3405 673 3468 equos
684 3387 881 3468 mereantur,
898 3385 1025 3466 opertos

118 3465 316 3553 Inspiciunt,
338 3489 379 3532 ne
401 3469 428 3531 si
449 3468 563 3551 facies,
586 3472 622 3533 ut
643 3489 752 3553 saepe,
775 3466 890 3533 decora

119 3549 214 3615 Molli
235 3550 319 3615 fulta
338 3553 465 3637 podest,
489 3555 665 3637 emptorem
686 3551 818 3617 inducat
839 3551 998 3634 hiantem,

171 3652 303 3696 Horam
920 3656 936 3706 9
