2610 4028
15 308 16 317 Ν
132 227 178 303 u]
557 229 705 290 amaa·
1033 223 1093 289 107

173 388 355 472 Fontesque
375 388 440 472 lym
457 388 514 453 'his
537 390 726 475 obstrepunt
745 392 966 476 manantibus,

215 472 352 538 Somnos
374 411 463 555 quod
479 473 594 538 invitet
614 474 710 540 leves.

171 557 219 621 At
239 578 312 621 oum
332 557 474 621 tonantis
496 578 598 622 annus
618 557 770 625 hibernus
790 559 876 624 Iovis

214 639 337 705 Imbres
358 641 509 724 nivesque
532 646 720 726 conparat‚'
1058 655 1105 705 30*

171 725 240 788 Aut
259 722 361 788 tradit
381 744 469 788 aoros
490 723 566 813 hino
587 728 620 791 et
639 726 715 791 hino
736 728 838 791 multa
858 747 937 791 cano

213 809 321 891 Apros
341 808 377 872 in
398 808 563 873 obstantes
587 811 716 895 plagas,

171 892 239 956 Aut
259 892 355 956 amito
376 891 440 955 levi
460 913 534 956 rara
553 892 658 957 tondit
677 894 772 976 retia,

214 974 329 1040 Undis
351 974 501 1040 edacibus
522 976 627 1059 dolos,

171 1057 388 1143 Pavidumquc
410 1059 551 1144 leporem
569 1063 602 1124 et
616 1060 771 1125 advenam
791 1062 904 1145 laqueo
924 1083 1036 1148 gruem
1058 1074 1090 1123 35

214 1142 358 1208 Iucunda
378 1145 486 1225 captat
504 1145 657 1228 praemia.

172 1226 250 1302 Quis
270 1247 338 1291 non
359 1227 529 1326 malarum2
551 1249 630 1312 quas
652 1249 742 1293 amor
762 1249 854 1294 ouras
874 1228 985 1313 habet,

212 1310 303 1377 Haeo
322 1311 408 1376 inter
429 1311 647 1376 obliviscitur?

171 1393 292 1471 Quodsi
313 1394 430 1478 pudica
449 1395 564 1459 mulier
583 1396 619 1460 in
662 1399 763 1462 artem
784 1397 871 1461 iuvet

212 1477 353 1542 Domum
374 1481 469 1563 atque
491 1479 598 1543 dulces
619 1419 752 1563 liberos,
1057 1494 1092 1543 40

171 1560 291 1627 Sabina
312 1562 414 1645 qualis
436 1565 492 1627 aut
511 1564 641 1646 perusta
662 1564 782 1628 solibus

212 1645 354 1711 Pernicis
375 1667 456 1711 uxor
476 1646 590 1729 Apuli,

170 1728 303 1795 Sacrum
323 1730 456 1795 vetustis
478 1733 620 1795 exstruat
640 1731 738 1816 lignis
759 1732 866 1797 focum

212 1812 303 1878 Lassi
324 1813 384 1878 sub
406 1814 576 1879 adventum
597 1815 672 1897 viri,

170 1895 391 1980 Olaudonsque
411 1898 506 1963 textis
529 1899 666 1963 cratibus
688 1900 808 1964 laetum
832 1920 929 1985 pecus
1056 1911 1090 1961 45

212 1980 361 2045 Distenta
383 1981 480 2045 siccet
500 1981 612 2066 ubera,

169 2063 214 2129 Et
233 2063 336 2129 horna
357 2065 442 2129 dulci
462 2065 540 2130 vina
559 2087 709 2148 promens
730 2066 817 2131 dolio

211 2146 320 2233 Dapes
341 2149 500 2246 inemptas
522 2149 667 2232 adparet:

168 2231 246 2298 Non
266 2254 318 2297 me
339 2232 476 2298 Lucrma
496 2233 635 2298 iuverint
656 2231 824 2316 conchylia

211 2315 356 2400 Magisve
376 2316 529 2381 rhombus
551 2319 607 2380 aut
628 2316 724 2400 socri,
1055 2329 1090 2380 50

170 2398 205 2464 si
227 2421 285 2464 uos
305 2399 384 2464 Eois
404 2401 552 2465 intonata
571 2400 720 2465 fluctibus

206 2422 323 2548 (ldiems
344 2482 385 2547 ad
405 2483 468 2548 hoo
488 2487 592 2549 vertat
611 2504 713 2569 mare3

168 2565 246 2633 Non
266 2567 348 2632 Afra
369 2567 436 2633 evis
458 2567 631 2633 descendat
650 2567 686 2632 in
706 2569 850 2634 ventrem
871 2588 992 2652 meum,

210 2650 287 2716 Non
307 2654 441 2736 attagen
460 2651 589 2716 Ionicus

168 2733 354 2819 Iucundior,
376 2755 472 2819 quam
493 2735 576 2800 lecta
597 2736 636 2802 dc
656 2736 877 2821 pinguissimis
1054 2750 1087 2798 55

178 2862 181 2867 »
212 2818 306 2883 Oliva
324 2819 423 2883 ramis
445 2818 608 2904 arborum,

168 2903 236 2966 Aut
255 2901 355 2967 herba
376 2902 499 2987 lapathi
519 2906 612 2987 prata
633 2904 771 2968 amantis
792 2905 826 2969 ct
844 2905 936 2989 gravi

210 2985 335 3052 Malvae
357 2986 499 3051 salubres
521 3007 557 3051 oo
598 2988 660 3071 ori,
1045 2988 1047 2992 ’

166 3069 229 3136 Vel
251 3091 335 3155 agua
354 3070 446 3135 festis
468 3091 560 3137 caesa
609 3071 828 3156 erminalibus,

208 3152 270 3218 Vel
290 3153 410 3220 haedus
433 3157 559 3238 ereptus
580 3155 666 3239 lupo.
1054 3166 1090 3216 60

165 3236 235 3303 Has
256 3237 341 3302 inter
361 3236 471 3325 epulas
492 3240 529 3301 ut
549 3238 638 3304 iuvat
656 3242 766 3324 pastas
788 3261 864 3305 oves

83 3375 91 3383 .
208 3320 325 3387 Videre
345 3324 553 3406 properantes
575 3323 720 3407 domum,
761 3353 763 3357 ·

165 3403 282 3470 Videre
303 3405 404 3471 fessos
425 3427 586 3470 vomerem
606 3407 765 3473 inversam
786 3407 883 3472 boves

208 3487 300 3554 Oollo
320 3489 485 3557 trahentes
506 3489 674 3576 languido,
