2558 4022
114 223 174 298 m]
525 222 632 279 meua
651 223 687 281 n

115 385 283 455 Conversis
305 385 417 451 studiis
440 388 527 450 aetas
549 386 736 471 animusque
759 386 860 453 virilis

116 472 245 549 Quaerit
267 491 343 554 opes
366 475 399 535 et
419 470 591 553 amicitias,
612 471 746 535 inservit
765 470 897 556 honori,
984 471 986 475 ’

116 555 311 623 Conmisisse
332 556 422 620 cavet
444 553 529 640 quod
549 575 624 619 mox
643 557 768 620 mutare
789 555 922 620 laboret.

116 639 217 705 Multa
236 660 346 704 senem
359 638 611 704 circumveniunt
624 638 840 722 incommoda,
862 640 913 704 vel
928 640 1012 724 quod

117 724 248 801 Quaerit
268 726 301 788 11
321 723 460 787 inventis
481 723 577 788 miser
598 721 739 788 abstinet
759 744 796 788 ac
817 724 910 789 timet
930 724 992 807 uti,
1026 737 1076 787 1⁷0

116 808 176 874 Vel
197 807 283 892 quod
303 829 356 872 res
377 828 488 872 omnes
508 806 620 872 timide
641 807 806 892 gelideque
828 808 1002 892 ministrat,

116 892 257 975 Dilator,
279 913 336 976 spe
357 892 488 977 longus,
510 891 611 974 iners,
633 890 807 976 avidusque
827 891 941 976 futuri,

116 976 278 1060 Difficilis,
302 976 466 1059 querulus,
487 974 633 1040 laudator
652 977 804 1060 temporis
826 977 889 1041 acti

117 1061 157 1128 Se
200 1081 293 1143 uero,
315 1060 489 1145 castigator
510 1080 683 1144 censorque
703 1060 872 1125 minorum.

116 1084 220 1211 Mutia
240 1146 348 1209 ferrmt
368 1144 445 1208 anni
465 1144 629 1209 venientes
652 1145 819 1210 commoda
840 1166 947 1210 secum
952 1196 963 1229 ,
1028 1158 1076 1209 175

116 1229 219 1294 Multa
239 1228 423 1295 recedentes
445 1228 598 1293 adimunt
640 1227 692 1293 Ne
713 1228 796 1293 forte
818 1230 933 1294 seniles

117 1312 309 1379 Mandentur
330 1313 438 1378 iuveni
456 1316 565 1410 partes
587 1332 748 1397 pueroque
769 1313 893 1378 viriles:

118 1397 249 1483 Semper
269 1396 304 1461 in
325 1396 481 1462 adiunctis
503 1416 642 1481 aevoque
663 1397 858 1462 morabimur
878 1399 971 1482 aptis,

117 1484 184 1548 Aut
205 1482 312 1567 agitm
332 1503 383 1546 res
405 1482 440 1545 in
461 1481 583 1547 scaenis
605 1484 660 1546 aut
681 1484 754 1545 acta
774 1482 919 1547 refertur.

118 1566 254 1652 Segnius
275 1566 411 1630 inritant
431 1566 556 1630 animos
576 1564 715 1629 demissa
734 1586 793 1649 per
813 1587 922 1631 aurem
1029 1580 1078 1631 180

117 1651 219 1728 Quam
242 1672 322 1734 quae
344 1653 419 1715 sunt
439 1649 539 1715 oeulis
554 1649 696 1714 subiecta
716 1649 863 1715 fidelibus
877 1654 911 1716 et
931 1671 1011 1734 quae

116 1733 191 1834 Ise
213 1733 274 1799 sibi
294 1733 392 1832 tradit
413 1737 588 1831 spectator:
609 1756 676 1798 non
695 1737 805 1800 tamen
825 1735 912 1799 intus

117 1840 317 1986 attat?
327 1838 521 1987 111111
523 1818 988 1970 ,meretricaris

117 1987 168 2055 Ne
189 2009 305 2073 pueros
327 2007 435 2051 eoram
455 1987 575 2071 populo
597 1986 710 2052 Medea
730 1926 881 2071 trucidbt,
1030 2001 1078 2052 185

117 2074 185 2137 Aut
205 2072 346 2137 humana
389 2071 472 2136 alam
493 2074 610 2155 eoquat
626 2074 699 2135 exta
719 2072 860 2136 nefarius
881 2073 1014 2157 Atreus,

116 2157 185 2221 Aut
198 2156 234 2221 in
248 2177 339 2220 avem
379 2176 476 2221 rccne
490 2158 630 2219 vertatur
635 2203 644 2238 ,
666 2154 804 2221 Cadmus
819 2156 854 2219 in
868 2176 1015 2242 anguem.

118 2239 345 2324 Quodcumque
367 2239 509 2305 ostendis
529 2238 609 2303 mihi
631 2239 691 2322 sic,
713 2237 894 2304 incredulus
916 2239 979 2305 cdi.

117 2329 204 2389 Neve
224 2325 329 2389 minor
350 2345 413 2388 neu
434 2323 477 2388 sit
498 2324 610 2406 quinto
632 2322 816 2407 productior
837 2327 911 2388 actu
950 2385 955 2389 .

117 2407 254 2492 Fabula,
275 2429 355 2493 quae
375 2408 466 2492 posci
486 2408 556 2472 vult
577 2411 610 2471 et
630 2410 773 2491 spectata
792 2407 919 2492 reponi3
1030 2421 1079 2471 190

117 2492 187 2559 Nec
209 2492 286 2558 deus
307 2492 448 2576 intersit,
470 2491 533 2556 nisi
555 2491 672 2576 dignus
693 2491 818 2556 vindice
840 2491 942 2556 nodus

117 2576 284 2662 Inciderit3
305 2598 365 2641 nec
387 2579 500 2661 quarta
520 2576 552 2640 lo
576 2577 608 2640 ui
630 2595 767 2660 persona
787 2575 920 2641 laboret.

117 2662 246 2726 Actoris
267 2664 374 2749 partes
395 2659 510 2726 chorus
532 2681 551 2724 o
589 2661 735 2744 ciumque
755 2660 847 2725 virile

117 2745 291 2828 Defendet,
312 2766 376 2810 neu
397 2743 473 2828 quid
494 2744 616 2809 medios
637 2745 809 2809 intercinat
830 2748 937 2825 actus,

116 2829 210 2906 Quod
230 2849 298 2895 non
318 2829 483 2914 proposito
505 2829 663 2894 conducat
683 2831 716 2893 et
735 2828 866 2893 haereat
887 2832 971 2912 apte.
1030 2841 1080 2891 195

115 2912 177 2979 1111
198 2913 291 2978 bonis
312 2914 478 2997 faveatque
501 2916 534 2977 11
554 2912 738 2978 consilietur
759 2912 876 2994 amice,

115 2997 161 3062 Et
181 3005 274 3084 regat
294 3001 394 3061 iratos
415 3000 448 3061 et
469 3001 554 3061 amet
573 3018 689 3082 pacare
709 3000 884 3061 tumentes:

116 3081 176 3147 llle
199 3081 296 3166 depes
318 3080 426 3145 laudet
446 3102 574 3146 mensae
597 3081 715 3164 brevis,
737 3081 792 3146 ille
813 3080 974 3147 salubrem

115 3165 277 3230 Iustitiam
299 3166 448 3253 legesque
470 3168 503 3229 et
524 3166 642 3249 apertis
665 3166 732 3228 otia
752 3166 867 3250 portis3

116 3248 175 3315 1111
197 3252 288 3336 tegat
309 3250 483 3332 conmissa,
506 3248 644 3397 deosque
665 3252 812 3333 precetur
832 3252 865 3313 et
885 3252 969 3332 oret,
1029 3260 1080 3311 200

116 3333 162 3398 Vt
182 3333 293 3399 redeat
312 3332 453 3417 miseris,
476 3331 570 3397 abeat
605 3336 720 3398 ortuna
742 3331 896 3415 superbis.

116 3417 210 3482 Tibia
230 3439 315 3501 non,
336 3420 374 3482 ut
393 3437 494 3502 nunc,
517 3415 676 3482 orichalco
697 3417 805 3481 vincta
825 3416 982 3501 tubaeque

114 3502 267 3587 Aemula,
289 3501 345 3567 sed
365 3501 471 3566 tenuis
494 3500 692 3585 simplexque
710 3500 868 3566 foramine
892 3520 996 3586 pauco
