2570 4022
190 213 280 269 XLIV
565 211 779 267 PRAEFATIO.

192 372 262 434 dem
283 371 383 433 videri
404 371 570 432 abhorrere
588 370 700 449 partim
721 390 740 428 a
754 368 874 449 legibus
894 371 1045 433 sermonis
1065 370 1158 433 latini

191 459 304 537 partim
325 478 344 517 a
365 457 560 536 simplicitate
581 473 690 515 sensns
712 456 890 515 communis.

254 540 303 600 Ib.
328 541 388 601 123
411 559 489 614 capo
510 539 687 612 Bentleius‚
710 546 745 598 nt
766 548 841 617 puto
862 558 946 599 vere.

255 644 294 698 11,
318 626 352 699 3,
377 628 395 682 1
423 630 450 683 si
470 644 543 683 roro
564 626 685 696 seniis,
713 632 745 680 ut
772 632 830 683 toto
857 643 915 683 non
936 631 1042 699 quater
1069 643 1158 684 anno.
1272 626 1273 651 ²

191 709 367 769 Meinekins
389 728 458 768 cum
479 727 543 768 non
565 726 657 788 posse
679 706 754 766 ferri
781 706 861 767 illud
886 703 1029 767 ‘scribis’
1058 707 1157 768 Lach-

192 813 305 853 manno
329 788 382 871 [in
402 793 494 852 Lucr.
517 811 569 871 pg.
592 787 653 870 77]
676 789 825 850 adsensus
848 800 942 866 esset,
966 790 1007 851 ad
1028 800 1160 852 metrum

191 877 383 939 fulciendum
403 875 527 937 addidit
547 874 617 934 ‘tu'
640 875 768 935 elisione
782 875 896 955 longae
918 878 951 934 in
965 878 1058 936 tertia
1077 877 1159 936 thesi

193 962 356 1023 durissima
383 980 419 1021 ae
440 960 493 1019 vel
517 961 551 1019 in
572 958 657 1020 hisce
677 961 828 1038 poematis
855 960 1019 1019 rarissima.
1062 960 1158 1039 Equi·
1273 954 1274 1007 l

194 1048 264 1106 dem
285 1047 312 1106 si
333 1045 417 1105 hunc
436 1044 539 1121 lpcum
560 1052 737 1122 corruptum
758 1063 826 1103 esse
840 1052 1015 1116 statuerem,
1038 1044 1160 1106 leniore
1273 1084 1274 1091 κ

192 1132 253 1190 nisi
274 1129 366 1189 fallor
385 1127 541 1189 medicina
560 1147 634 1188 usus
648 1126 845 1188 scribendum
866 1147 933 1188 esse
955 1130 1161 1189 existimarem
1272 1130 1274 1141 ⁴

191 1216 320 1274 traiecto
341 1233 405 1273 uno
425 1211 576 1273 vocabulo
598 1214 643 1271 ita
669 1213 751 1271 ‘toto
773 1232 837 1271 non
858 1220 894 1272 ut
915 1221 1025 1291 quater
1045 1217 1159 1275 anno'.

193 1298 257 1358 Sed
271 1298 352 1357 nihil
365 1316 453 1376 opus.
480 1295 562 1358 Vide
577 1315 656 1374 qnae
672 1295 868 1356 dissernimus
884 1296 914 1356 d.
930 1318 955 1355 r.
970 1317 1010 1356 m.
1025 1298 1158 1376 pg.33l.

191 1382 273 1442 Nam
286 1380 434 1441 Horatius
456 1401 524 1441 enm
538 1381 661 1440 tertiam
674 1399 839 1459 personam
860 1380 955 1441 indic.
970 1401 1071 1460 praes.
1087 1401 1159 1441 con-

191 1467 359 1545 iugationis
376 1467 487 1526 tertiae
506 1464 686 1544 produxerit
704 1462 761 1523 sub
773 1464 912 1543 legitima
923 1467 1017 1525 venia
1032 1473 1160 1545 utputa

192 1552 236 1611 ‘si
256 1551 324 1630 tigit
344 1550 578 1611 adamantinos'
606 1548 658 1608 vel
686 1548 845 1608 ‘exclusus
867 1550 921 1628 qni
943 1548 1057 1609 distat?
1095 1552 1160 1628 agit

193 1634 249 1696 ubi
270 1655 387 1708 secum,
412 1643 519 1694 eatan
533 1635 628 1704 non',
653 1651 706 1692 cnr
727 1652 791 1692 non
813 1633 847 1692 in
868 1633 1005 1694 secunda
1028 1634 1160 1694 eandem

194 1718 358 1779 adhiberet
377 1716 573 1778 libertatern?
604 1715 689 1775 Illud
717 1718 801 1776 enim
821 1726 892 1796 post
920 1718 1160 1796 disputationem

194 1813 330 1863 nostram
353 1798 425 1881 [pg.
441 1796 647 1879 324-330]
676 1802 853 1879 paucissimi
876 1803 987 1881 opinor
1012 1803 1074 1861 iam
1095 1822 1159 1862 cre·

195 1887 271 1947 dent
291 1886 438 1947 Flaccum
458 1905 523 1944 non
543 1884 670 1945 licentia
692 1887 813 1964 poetica
833 1885 891 1946 sed
906 1884 1112 1964 Aboriginum
1133 1887 1160 1947 si

196 1972 243 2030 dis
257 1970 359 2049 placet
374 1970 514 2048 exemplo
529 1969 603 2029 olim
616 1969 781 2048 productas
795 1971 969 2049 porrexisse
990 1971 1160 2050 aliqnando

193 2055 302 2115 finales
323 2057 357 2114 in
377 2066 392 2114 t
413 2061 572 2115 exeuntes.

258 2156 298 2211 11,
322 2140 357 2212 3,
382 2140 437 2211 11,
462 2139 513 2197 12.
557 2137 700 2207 Quorsum
722 2143 866 2213 pertineat
893 2144 1006 2212 stipare
1032 2141 1160 2199 Platona

195 2224 379 2283 Menandro?
392 2224 528 2297 Eupolin,
543 2224 756 2295 Archilochum,
773 2228 889 2282 concites
903 2226 1029 2282 educere
1043 2229 1161 2283 tantos?

196 2305 331 2368 Omnino
352 2306 431 2367 illud
458 2309 596 2367 ‘tantos'
625 2326 690 2365 non
711 2307 790 2366 sicut
811 2307 905 2387 vulgo
926 2307 1006 2367 solet
1026 2307 1083 2367 sed
1104 2327 1160 2387 per

196 2394 280 2451 ‘tot'
302 2390 534 2470 explicandum,
562 2391 642 2450 sieut
664 2390 748 2470 apud
769 2390 964 2469 Propertium
984 2391 1079 2452 habes
1111 2390 1162 2453 ‘at

194 2474 253 2534 tibi
274 2494 415 2534 curarum
434 2474 520 2535 milia
541 2482 658 2554 quanta
681 2473 796 2534 dabit'.
828 2473 974 2536 Cornelia
995 2477 1028 2535 in
1051 2477 1161 2553 regina

196 2558 365 2636 elegiarum
393 2558 433 2618 de
459 2557 627 2620 liberorum
651 2559 742 2618 turba
770 2558 889 2619 ‘lamae
916 2562 1048 2638 pignora
1072 2567 1161 2621 tanta
1276 2556 1277 2559 '

195 2645 310 2702 meae&
354 2638 486 2702 Ovidius
512 2644 534 2702 l.
556 2642 651 2702 Trist.
673 2661 700 2701 11
723 2638 826 2722 [442]
856 2643 942 2721 ‘quis
965 2642 1085 2703 dubitet
1105 2664 1160 2702 no·

195 2728 279 2786 mina
299 2734 388 2786 tanta
408 2726 524 2806 scqui’.
567 2725 631 2787 Vbi
656 2726 783 2788 falletur
810 2728 935 2805 egregie
957 2729 1011 2806 qui
1038 2727 1160 2787 ‘tanta'

197 2811 258 2869 dici
285 2819 373 2888 putet
398 2830 455 2891 pro
481 2819 544 2870 tarn
571 2810 693 2891 amplis.
736 2810 816 2870 Nam
842 2830 901 2870 nec
927 2811 968 2872 ad
995 2831 1060 2871 rem
1087 2810 1162 2872 facit

195 2895 329 2954 Nasonis
356 2896 548 2974 praestantia
569 2902 729 2974 poetarum
750 2913 827 2973 qnos
848 2894 939 2954 modo
967 2908 1162 2959 enumerarat

196 2980 379 3038 crotieornm
403 2979 461 3039 sed
487 2978 666 3052 multitude,
695 2986 726 3038 et
752 2978 898 3056 plurimos
928 2978 967 3040 de
988 2980 1162 3059 proletariis

196 3071 269 3122 ante
290 3066 469 3124 memoravit
490 3065 567 3144 ipse.
610 3062 681 3121 Huc
702 3062 795 3122 etiam
816 3064 952 3142 pertinet
973 3064 1163 3144 epigramma

195 3146 346 3207 Martialis
367 3166 410 3220 vr,
435 3148 486 3206 54.
529 3146 573 3206 Et
593 3146 704 3206 similia
725 3147 840 3224 passim
861 3147 926 3206 alii.

259 3230 344 3310 Quid
358 3226 463 3292 enim?
478 3251 542 3290 non
557 3239 589 3290 et
602 3231 663 3308 ipsi
676 3229 781 3307 magni
795 3230 882 3290 fuere
896 3232 1060 3311 scriptores
1070 3231 1162 3293 Plato

196 3324 227 3374 et
248 3315 423 3376 Menander
449 3312 579 3374 comici?
611 3311 778 3374 Praeterea
800 3315 995 3389 omittentur,
1024 3318 1085 3375 nisi
1107 3337 1163 3376 no·

195 3406 289 3459 stram
302 3417 432 3478 sequere
445 3397 746 3476 interpretationem,
768 3398 816 3458 illi
829 3408 968 3459 auctores
983 3418 1060 3478 qnos
1074 3420 1163 3459 num·

195 3499 288 3559 quam
316 3480 451 3542 defuisse
477 3480 589 3541 Flacco
618 3480 728 3541 studiis
755 3481 861 3544 dedito
889 3482 982 3542 facile
1009 3482 1067 3544 tibi
1093 3503 1163 3562 per-
