2600 4026
19 126 24 183 l
119 209 203 282 1111]

518 207 626 262 LIBER
647 206 671 273 Ι,

230 370 349 437 Felices
371 374 420 435 ter
441 373 473 435 et
495 369 646 454 amplius,

272 455 358 532 Quos
378 456 508 539 inrupto
528 458 618 520 tenet
638 454 753 538 eopula
772 474 833 519 nee
854 455 947 519 molis

232 539 381 605 Dirolsus
404 540 610 623 querimoniis

273 622 428 709 Supremo
450 624 543 689 eitius
566 624 669 688 solvet
690 643 781 687 emor
803 622 864 688 die.
1046 637 1081 687 20

538 896 654 972 XIIII.

235 1030 261 1095 0
281 1031 387 1113 navis,
408 1030 548 1095 referent
568 1028 604 1092 in
625 1049 712 1093 mure
732 1032 765 1093 te
786 1027 862 1093 novi

234 1113 371 1180 Fluctus.
417 1114 443 1178 Ο
467 1113 544 1197 quid
565 1112 657 1198 agis?
685 1112 825 1179 Fortiter
847 1133 967 1197 ocoupo

270 1198 411 1264 Portum.
441 1197 559 1263 Nonne
580 1197 668 1262 vides
690 1201 727 1261 ut

319 1282 450 1349 Nudum
470 1282 605 1368 remigio
627 1282 710 1346 letus

232 1417 275 1483 Et
294 1419 398 1483 malus
420 1417 515 1483 oeleri
537 1417 662 1481 saueius
684 1416 795 1481 Africo
1064 1432 1080 1480 5

232 1504 462 1585 Antennaeque
483 1505 630 1587 gemunt,
653 1522 691 1566 ao
713 1501 781 1565 sine
803 1500 933 1566 funibus

271 1587 334 1653 Vix
355 1587 468 1651 durare
490 1587 617 1653 carinae

320 1671 461 1737 Possunt
485 1670 686 1755 imperiosius

233 1806 384 1890 Aequor?
413 1805 491 1872 Non
511 1805 572 1870 tibi
593 1809 669 1869 sunt
689 1806 815 1891 integre
836 1806 948 1888 linteo,

232 1888 308 1957 Non
330 1890 377 1974 di,
400 1912 480 1975 quos
501 1890 617 1955 iterum
638 1911 748 1974 pressa
769 1911 863 1955 voees
883 1891 979 1955 malo.
1050 1904 1082 1953 10

274 1975 425 2052 Quamvis
446 1973 581 2039 Pontica
602 1974 697 2071 pinus
703 2024 713 2059 ‚

322 2059 426 2125 Silvae
446 2059 514 2123 filio
534 2058 668 2143 nobrlis,

233 2192 337 2260 laotes
359 2197 391 2259 et
412 2216 513 2281 genus
536 2196 568 2258 et
589 2215 707 2259 nomen
727 2193 856 2258 inutilez

233 2278 290 2345 Nil
333 2279 405 2344 iotis
426 2277 557 2343 timidus
579 2279 688 2343 navita
709 2278 868 2362 puppibus

272 2302 367 2429 Filii.
410 2362 475 2446 Tu,
497 2363 561 2426 nisi
581 2363 685 2427 ventis
1051 2375 1082 2424 15

323 2445 430 2512 Debes
451 2447 637 2530 ludibrium,
662 2469 746 2512 eave.

234 2581 345 2667 Nuper
367 2581 536 2646 sollicitum
561 2604 641 2667 quae
663 2582 742 2648 mihi
763 2582 918 2667 taedium,

234 2666 329 2732 Nunc
351 2666 542 2731 desiderium
564 2687 700 2750 curaque
721 2688 789 2734 non
809 2667 904 2751 levis,

272 2750 434 2815 Interiusa
454 2751 592 2816 nitentes

323 2834 414 2900 Vites
437 2856 575 2920 aequora
597 2834 762 2919 Cycladas.

525 2993 677 3003 ...ι-.-

563 3109 641 3184 XV.

232 3241 349 3305 Pastor
371 3262 442 3306 oum
463 3241 604 3306 traheret
625 3264 682 3326 per
704 3242 788 3307 freta
807 3241 942 3306 navibus

232 3324 339 3389 Idaeis
361 3325 506 3391 Helenen
527 3327 664 3411 perfidus
689 3326 865 3412 hospitum3

177 3488 181 3491 Ἴ
231 3409 368 3558 ἱηῗῆῒο
392 3411 508 3476 celeres
531 3411 637 3475 obruit
659 3411 724 3475 otio

316 3497 422 3579 entos,
444 3499 481 3560 ut
503 3498 630 3562 caneret
650 3497 718 3561 fere
