2570 4022
497 164 710 223 PRAEFATIO.
1020 164 1085 223 XIX

117 345 195 385 mur.
224 324 360 403 Legitur
379 323 503 404 quidem
525 328 672 398 e.1111,1,
692 326 730 385 16
754 325 893 387 ‘militiae
915 325 1002 389 tuae’
1023 347 1086 387 non

28 420 30 425 “
118 412 186 471 sine
207 409 344 490 quadem
366 405 549 490 δυσφωνίᾳ.
593 409 657 471 Sed
684 418 720 468 ut
741 412 877 471 omittam
903 410 947 472 ibi
973 413 1086 473 vocali·

119 494 175 554 bus
203 502 288 554 certe
310 495 463 555 contineri
483 494 753 555 homoeoteleuton
780 505 812 554 et
837 496 972 576 mitigeri
996 516 1086 558 veos-

119 579 192 639 bulo
214 579 314 641 altero
335 578 369 639 in
389 578 445 638 lini
465 597 571 639 versus
593 578 758 651 collocato,
788 579 875 639 ouius
895 581 1003 642 ultime
1024 582 1085 661 syl·

119 662 191 725 laba
204 672 242 723 ut
256 670 323 724 erat
337 664 504 723 eommunis
519 664 563 722 ita
576 663 677 725 minna
692 662 917 724 exaudiebatur
931 665 964 724 in
979 674 1084 739 metro,

120 747 217 827 probe
238 748 399 827 perspexit
417 746 593 808 Meinelriua
613 746 778 808 Horatium
804 748 909 828 potius
928 750 1086 829 scripsisse

120 831 200 892 ‘lete
214 831 344 893 militiae
361 832 452 910 signe
466 832 546 892 feret
559 832 658 905 tuae',
682 831 805 892 solitum
826 832 943 911 quippe
965 852 1001 895 eo
1024 852 1085 912 quo

120 916 207 977 vides
228 917 292 977 iam
311 915 403 977 modo
426 916 576 977 collocare
596 916 631 975 in
649 916 712 977 inre
734 916 878 977 ordinum
899 915 1086 996 asclepiadei

120 999 346 1061 substantivum
379 1020 448 1060 eum
474 1000 637 1061 adieetivo.
694 999 838 1061 (letemur
867 1019 907 1063 ex
934 1002 978 1062 eis
1005 1020 1086 1081 quae

122 1085 188 1147 dixi
208 1085 386 1163 apparebit,
410 1103 463 1144 eur
483 1085 585 1145 minus
606 1083 800 1164 probandum
821 1086 862 1144 sit
882 1085 958 1146 mihi
979 1104 1085 1165 quam-

121 1189 211 1249 quem
233 1168 404 1229 rationibus
419 1170 512 1248 paulo
528 1169 683 1230 diversum
703 1169 737 1230 id
752 1168 836 1249 quod
854 1171 978 1232 venisse
995 1179 1086 1250 putat

121 1274 139 1314 a
163 1254 277 1314 Flaeeo
303 1252 478 1315 Meiuelrius
511 1255 545 1313 in
573 1254 708 1314 carmine
736 1253 775 1313 de
801 1252 941 1334 Arehyta
972 1256 1085 1315 ‘mixte

121 1358 224 1398 senum
236 1339 379 1401 iuvenum
394 1339 563 1399 densantur
576 1339 715 1401 funera'.
736 1337 884 1401 Videnda
899 1340 992 1401 etiam
1006 1359 1087 1418 quae

120 1422 280 1485 Bentleius
301 1423 463 1483 adnotavit
483 1422 524 1483 ad
546 1442 572 1482 e.
588 1441 622 1495 11,
641 1422 689 1496 14,
706 1423 747 1483 26
770 1431 801 1483 et
823 1441 873 1505 ep.
888 1440 922 1498 11,
941 1426 968 1497 1,
985 1425 1037 1484 85.

180 1506 231 1567 Π).
257 1508 402 1566 13-16.
446 1506 633 1587 Suspectant
652 1504 679 1565 P
701 1516 733 1568 et
753 1506 796 1566 M.

181 1594 234 1665 23,
249 1591 279 1663 5,
296 1593 315 1653 6
331 1596 428 1666 vepria
441 1623 476 1635 -
491 1595 531 1652 od
544 1601 657 1651 eentum
671 1591 697 1650 B
713 1601 745 1651 et
753 1591 796 1665 M,
813 1592 917 1671 neseio
932 1613 973 1651 an
988 1600 1082 1656 reete.

180 1676 229 1736 Ib.
253 1678 304 1737 10.
347 1677 491 1737 Imitatue
509 1685 556 1736 eet
576 1675 735 1737 Ausonius
758 1695 806 1757 ep.
828 1694 878 1751 xv,
906 1678 955 1737 15.

182 1762 233 1834 25,
257 1761 308 1822 20.
350 1763 434 1820 Euro
456 1780 524 1820 eum
545 1759 628 1820 Aldo
649 1760 691 1834 B,
714 1760 762 1834 Μ,
786 1761 843 1835 al.,
868 1761 998 1822 ‘Hebro’
1019 1784 1048 1823 v.

181 1846 233 1919 26,
249 1847 268 1905 9
284 1846 408 1918 Paioplai
421 1848 524 1905 dulcia
553 1845 622 1905 Etsi
636 1846 733 1924 possit
746 1845 876 1905 defendi
891 1846 971 1907 illud
985 1844 1083 1906 ‘Pim-

118 1931 205 2009 plea’
236 1929 355 1989 collatis
383 1930 429 1988 eis
449 1947 529 2008 quae
556 1928 683 1989 exhibui
710 1929 741 1989 d.
763 1949 788 1989 r.
810 1950 850 1989 m.
874 1931 952 2003 257,
980 1938 1084 1991 temen

118 2035 186 2075 eum
199 2023 250 2075 set
262 2022 411 2093 appareat
425 2010 671 2093 Porphyrionem
691 2014 848 2075 invenisse
862 2016 896 2074 in
917 2016 1084 2095 exemplari

117 2101 241 2179 proprio
251 2098 383 2178 priorem
394 2098 568 2171 lectionem,
580 2098 614 2158 in
625 2098 684 2158 heo
696 2097 957 2176 adquiescendum
966 2101 1083 2178 putavi.

179 2202 201 2258 1,
225 2183 343 2255 27,18.
366 2184 406 2241 ab
427 2188 523 2242 miser.
558 2181 690 2242 Exsulet
711 2181 750 2244 ab
773 2182 992 2260 antiquissimis
1012 2185 1083 2242 sori·

116 2277 240 2348 ptorum
253 2266 435 2329 Latinorum
453 2265 638 2327 membranis
652 2265 787 2345 spiritus,
810 2284 901 2345 quem
915 2266 1009 2344 volgo
1029 2266 1082 2325 ad·

118 2353 196 2413 dunt
216 2351 440 2423 interiectioni,
462 2371 521 2411 neo
541 2357 714 2430 agnoscunt
734 2349 923 2429 grammatici
936 2351 1080 2430 potiores.

115 2436 223 2497 Nihilo
258 2445 361 2496 autem
387 2436 515 2496 meliora
547 2444 620 2496 sunt
646 2434 724 2514 proh
749 2435 801 2495 vel
827 2433 890 2494 hei.
938 2436 981 2494 Et
1005 2435 1083 2497 haee

116 2521 242 2601 quidem
264 2539 355 2599 quem
374 2520 481 2580 ultimo
496 2521 564 2580 loeo
579 2519 668 2599 posui
689 2519 800 2580 vocula
820 2518 906 2598 apud
919 2520 1082 2580 Horatium

114 2624 282 2686 numquam
314 2606 479 2684 reperitur,
519 2605 683 2684 reperitur,
725 2603 808 2683 epud
842 2603 1013 2682 Vergilium
1032 2606 1085 2663 Ti·

113 2689 246 2763 bullum,
279 2689 488 2767 Propertium,
524 2686 679 2749 Ovidium.
709 2720 747 2730 -
777 2687 881 2746 ‘Aha'
915 2688 999 2766 quod
1017 2699 1086 2767 pret

113 2774 199 2834 bavit
226 2774 386 2835 Bentleius
415 2793 464 2851 ep.
488 2773 520 2847 5,
546 2775 600 2846 71,
629 2770 767 2831 simodo
799 2791 861 2833 vox
889 2774 1012 2832 omnino
1028 2776 1083 2834 eri·

117 2866 217 2925 latina
247 2860 342 2940 (certe
364 2881 444 2942 quae
466 2861 550 2942 apud
572 2859 765 2921 Priscianum
789 2856 861 2940 [pg.
878 2859 960 2941 548]
984 2862 1023 2921 de
1046 2882 1083 2920 ea

116 2950 259 3009 feruntur
273 2966 372 3026 nugas
394 2965 462 3007 esse
482 2965 582 3007 meres
604 2943 757 3025 apparet),
783 2945 1004 3025 dactylicorum
1025 2947 1083 3005 uti·

116 3053 176 3113 que
196 3031 286 3093 libris
308 3051 373 3092 non
394 3031 550 3091 convenit.

178 3116 228 3178 lb.
246 3119 285 3177 19
308 3118 429 3176 laberer
445 3112 604 3196 Charybdi
626 3114 717 3175 eodd,
732 3114 834 3189 multi,
859 3116 899 3175 el.
914 3118 1082 3175 laborabas.

118 3203 204 3264 Oorr.
228 3200 340 3261 Aldus.

178 3287 228 3349 Ih.
244 3287 285 3346 23
299 3304 346 3363 sq.
369 3290 420 3345 oin
440 3288 591 3361 ialipotom
612 3293 641 3343 te
654 3286 783 3360 triformi
796 3286 928 3361 Pegasus
950 3284 1084 3356 expediet

118 3374 282 3433 Chimaera,
308 3370 361 3429 Ex
373 3369 433 3430 hoe
445 3370 514 3430 loeo
531 3369 654 3430 ductum
668 3369 752 3449 quod
764 3369 859 3429 medii
872 3368 941 3428 aevi
956 3368 1084 3446 scripto·

115 3477 162 3518 res
186 3455 369 3518 Chimaerae
390 3452 541 3516 voeebnlo
562 3455 733 3534 promiscue
754 3461 883 3515 utuntur
903 3470 959 3532 pro
981 3451 1082 3512 scorti.

835 3547 880 3601 b*
