<?xml version="1.0" encoding="UTF-8"?>
<!DOCTYPE html PUBLIC "-//W3C//DTD XHTML 1.0 Transitional//EN"
    "http://www.w3.org/TR/xhtml1/DTD/xhtml1-transitional.dtd">
<html xmlns="http://www.w3.org/1999/xhtml" xml:lang="en" lang="en">
 <head>
  <title>
</title>
<meta http-equiv="Content-Type" content="text/html;charset=utf-8" />
  <meta name='ocr-system' content='tesseract 3.04.00' />
  <meta name='ocr-capabilities' content='ocr_page ocr_carea ocr_par ocr_line ocrx_word'/>
</head>
<body>
  <div class='ocr_page' id='page_1' title='image "./qhoratiiflacica00mlgoog_0182.png"; bbox 0 0 2600 4026; ppageno 0'>
   <div class='ocr_carea' id='block_1_1' title="bbox 191 186 705 258">
    <p class='ocr_par' dir='ltr' id='par_1_1' title="bbox 191 186 705 258">
     <span class='ocr_line' id='line_1_1' title="bbox 191 186 705 258; baseline 0.008 -16"><span class='ocrx_word' id='word_1_1' title='bbox 191 187 210 258; x_wconf 72' lang='lat' dir='ltr'>,J</span> <span class='ocrx_word' id='word_1_2' title='bbox 515 186 623 243; x_wconf 76' lang='lat' dir='ltr'>ursus</span> <span class='ocrx_word' id='word_1_3' title='bbox 643 187 705 246; x_wconf 84' lang='lat' dir='ltr'>nn</span> 
     </span>
    </p>
   </div>
   <div class='ocr_carea' id='block_1_2' title="bbox 19 346 733 685">
    <p class='ocr_par' dir='ltr' id='par_1_2' title="bbox 19 346 655 434">
     <span class='ocr_line' id='line_1_2' title="bbox 19 346 655 434; baseline 0 -20"><span class='ocrx_word' id='word_1_4' title='bbox 19 362 21 387; x_wconf 76' lang='lat'>⁵</span> <span class='ocrx_word' id='word_1_5' title='bbox 112 350 251 434; x_wconf 80' lang='lat' dir='ltr'>inpune,</span> <span class='ocrx_word' id='word_1_6' title='bbox 272 346 371 430; x_wconf 82' lang='lat' dir='ltr'>Lolli,</span> <span class='ocrx_word' id='word_1_7' title='bbox 394 369 522 432; x_wconf 78' lang='lat' dir='ltr'>corpere</span> <span class='ocrx_word' id='word_1_8' title='bbox 543 348 655 414; x_wconf 82' lang='lat' dir='ltr'>lividas</span> 
     </span>
    </p>

    <p class='ocr_par' dir='ltr' id='par_1_3' title="bbox 113 431 733 685">
     <span class='ocr_line' id='line_1_3' title="bbox 113 431 636 499; baseline -0.004 0"><span class='ocrx_word' id='word_1_9' title='bbox 113 433 306 499; x_wconf 82' lang='lat' dir='ltr'>Obliviones.</span> <span class='ocrx_word' id='word_1_10' title='bbox 350 432 411 497; x_wconf 78' lang='lat' dir='ltr'>Est</span> <span class='ocrx_word' id='word_1_11' title='bbox 432 431 555 498; x_wconf 83' lang='lat' dir='ltr'>unimus</span> <span class='ocrx_word' id='word_1_12' title='bbox 576 433 636 497; x_wconf 88' lang='lat' dir='ltr'>tibi</span> 
     </span>
     <span class='ocr_line' id='line_1_4' title="bbox 134 516 715 601; baseline 0.002 -19"><span class='ocrx_word' id='word_1_13' title='bbox 134 516 333 601; x_wconf 79' lang='lat' dir='ltr'>&#39;Rerumque</span> <span class='ocrx_word' id='word_1_14' title='bbox 354 516 494 600; x_wconf 87' lang='lat' dir='ltr'>prudens</span> <span class='ocrx_word' id='word_1_15' title='bbox 515 519 548 581; x_wconf 87' lang='lat' dir='ltr'>et</span> <span class='ocrx_word' id='word_1_16' title='bbox 569 517 715 583; x_wconf 85' lang='lat' dir='ltr'>secundis</span> 
     </span>
     <span class='ocr_line' id='line_1_5' title="bbox 196 600 733 685; baseline 0.002 -20"><span class='ocrx_word' id='word_1_17' title='bbox 196 600 406 685; x_wconf 81' lang='lat' dir='ltr'><strong>Temporibus</strong></span> <span class='ocrx_word' id='word_1_18' title='bbox 428 600 594 685; x_wconf 78' lang='lat' dir='ltr'>dubiisque</span> <span class='ocrx_word' id='word_1_19' title='bbox 615 605 733 684; x_wconf 72' lang='lat' dir='ltr'>rectis,</span> 
     </span>
    </p>
   </div>
   <div class='ocr_carea' id='block_1_3' title="bbox 110 734 816 1073">
    <p class='ocr_par' dir='ltr' id='par_1_4' title="bbox 110 734 816 1073">
     <span class='ocr_line' id='line_1_6' title="bbox 110 734 816 803; baseline 0.003 -3"><span class='ocrx_word' id='word_1_20' title='bbox 110 735 239 801; x_wconf 85' lang='lat' dir='ltr'>Vindex</span> <span class='ocrx_word' id='word_1_21' title='bbox 260 756 372 800; x_wconf 80' lang='lat' dir='ltr'>avarae</span> <span class='ocrx_word' id='word_1_22' title='bbox 392 734 511 801; x_wconf 82' lang='lat' dir='ltr'>fraudis</span> <span class='ocrx_word' id='word_1_23' title='bbox 534 738 567 802; x_wconf 89' lang='lat' dir='ltr'>et</span> <span class='ocrx_word' id='word_1_24' title='bbox 588 737 751 803; x_wconf 80' lang='lat' dir='ltr'>abstinens</span> <span class='ocrx_word' id='word_1_25' title='bbox 812 758 816 763; x_wconf 88' lang='lat'><em>·</em></span> 
     </span>
     <span class='ocr_line' id='line_1_7' title="bbox 111 819 707 904; baseline -0.002 -19"><span class='ocrx_word' id='word_1_26' title='bbox 111 819 266 885; x_wconf 74' lang='lat' dir='ltr'>Ducentis</span> <span class='ocrx_word' id='word_1_27' title='bbox 288 819 329 884; x_wconf 82' lang='lat' dir='ltr'>ed</span> <span class='ocrx_word' id='word_1_28' title='bbox 351 841 384 884; x_wconf 88' lang='lat' dir='ltr'>se</span> <span class='ocrx_word' id='word_1_29' title='bbox 406 822 520 885; x_wconf 82' lang='lat' dir='ltr'>cuneta.</span> <span class='ocrx_word' id='word_1_30' title='bbox 540 821 707 904; x_wconf 84' lang='lat' dir='ltr'>pecuniae,</span> 
     </span>
     <span class='ocr_line' id='line_1_8' title="bbox 155 903 652 988; baseline -0.004 -18"><span class='ocrx_word' id='word_1_31' title='bbox 155 903 338 988; x_wconf 83' lang='lat' dir='ltr'>Consulque</span> <span class='ocrx_word' id='word_1_32' title='bbox 358 923 426 967; x_wconf 91' lang='lat' dir='ltr'>non</span> <span class='ocrx_word' id='word_1_33' title='bbox 446 903 541 969; x_wconf 87' lang='lat' dir='ltr'>unius</span> <span class='ocrx_word' id='word_1_34' title='bbox 562 905 652 988; x_wconf 83' lang='lat' dir='ltr'>enni,</span> 
     </span>
     <span class='ocr_line' id='line_1_9' title="bbox 198 986 770 1073; baseline 0.002 -20"><span class='ocrx_word' id='word_1_35' title='bbox 198 986 260 1053; x_wconf 85' lang='lat' dir='ltr'>Sed</span> <span class='ocrx_word' id='word_1_36' title='bbox 281 988 428 1072; x_wconf 89' lang='lat' dir='ltr'>quotiens</span> <span class='ocrx_word' id='word_1_37' title='bbox 449 987 553 1052; x_wconf 89' lang='lat' dir='ltr'>bonus</span> <span class='ocrx_word' id='word_1_38' title='bbox 574 991 668 1073; x_wconf 82' lang='lat' dir='ltr'>utque</span> <span class='ocrx_word' id='word_1_39' title='bbox 689 988 770 1055; x_wconf 87' lang='lat' dir='ltr'>fidus</span> 
     </span>
    </p>
   </div>
   <div class='ocr_carea' id='block_1_4' title="bbox 19 1121 696 1458">
    <p class='ocr_par' dir='ltr' id='par_1_5' title="bbox 19 1121 696 1458">
     <span class='ocr_line' id='line_1_10' title="bbox 111 1121 680 1208; baseline 0.004 -21"><span class='ocrx_word' id='word_1_40' title='bbox 111 1122 212 1187; x_wconf 86' lang='lat' dir='ltr'>Iudex</span> <span class='ocrx_word' id='word_1_41' title='bbox 231 1121 402 1187; x_wconf 88' lang='lat' dir='ltr'>honestum</span> <span class='ocrx_word' id='word_1_42' title='bbox 423 1123 574 1206; x_wconf 84' lang='lat' dir='ltr'>praetulit</span> <span class='ocrx_word' id='word_1_43' title='bbox 593 1123 680 1208; x_wconf 87' lang='lat' dir='ltr'>utili,</span> 
     </span>
     <span class='ocr_line' id='line_1_11' title="bbox 112 1205 631 1271; baseline 0 0"><span class='ocrx_word' id='word_1_44' title='bbox 112 1205 235 1271; x_wconf 75' lang='lat' dir='ltr'>Reiecit</span> <span class='ocrx_word' id='word_1_45' title='bbox 256 1206 321 1271; x_wconf 82' lang='lat' dir='ltr'>alto</span> <span class='ocrx_word' id='word_1_46' title='bbox 343 1205 428 1271; x_wconf 84' lang='lat' dir='ltr'>dona</span> <span class='ocrx_word' id='word_1_47' title='bbox 447 1207 631 1271; x_wconf 89' lang='lat' dir='ltr'>nocentium</span> 
     </span>
     <span class='ocr_line' id='line_1_12' title="bbox 19 1289 696 1375; baseline 0.003 -21"><span class='ocrx_word' id='word_1_48' title='bbox 19 1308 21 1375; x_wconf 66' lang='grc' dir='ltr'>ς</span> <span class='ocrx_word' id='word_1_49' title='bbox 154 1289 269 1374; x_wconf 83' lang='lat' dir='ltr'>Vultu,</span> <span class='ocrx_word' id='word_1_50' title='bbox 291 1311 348 1374; x_wconf 89' lang='lat' dir='ltr'>per</span> <span class='ocrx_word' id='word_1_51' title='bbox 370 1290 533 1355; x_wconf 73' lang='lat' dir='ltr'>obstantes</span> <span class='ocrx_word' id='word_1_52' title='bbox 555 1295 696 1356; x_wconf 79' lang='lat' dir='ltr'>catervas</span> 
     </span>
     <span class='ocr_line' id='line_1_13' title="bbox 19 1373 677 1458; baseline 0.005 -21"><span class='ocrx_word' id='word_1_53' title='bbox 19 1404 20 1413; x_wconf 45' lang='lat'>¹</span> <span class='ocrx_word' id='word_1_54' title='bbox 89 1434 92 1439; x_wconf 16' lang='grc' dir='ltr'><strong>Α</strong></span> <span class='ocrx_word' id='word_1_55' title='bbox 196 1373 360 1458; x_wconf 78' lang='lat' dir='ltr'>Explicuit</span> <span class='ocrx_word' id='word_1_56' title='bbox 380 1395 437 1439; x_wconf 83' lang='lat' dir='ltr'>sue</span> <span class='ocrx_word' id='word_1_57' title='bbox 458 1374 560 1439; x_wconf 85' lang='lat' dir='ltr'>victor</span> <span class='ocrx_word' id='word_1_58' title='bbox 580 1397 677 1440; x_wconf 79' lang='lat' dir='ltr'>erma.</span> 
     </span>
    </p>
   </div>
   <div class='ocr_carea' id='block_1_5' title="bbox 19 1508 732 1845">
    <p class='ocr_par' dir='ltr' id='par_1_6' title="bbox 19 1508 732 1678">
     <span class='ocr_line' id='line_1_14' title="bbox 19 1508 732 1594; baseline -0.001 -18"><span class='ocrx_word' id='word_1_59' title='bbox 19 1538 21 1561; x_wconf 68' lang='grc' dir='ltr'><strong>ι</strong></span> <span class='ocrx_word' id='word_1_60' title='bbox 111 1508 189 1576; x_wconf 91' lang='lat' dir='ltr'>Non</span> <span class='ocrx_word' id='word_1_61' title='bbox 209 1508 426 1594; x_wconf 87' lang='lat' dir='ltr'>possidentem</span> <span class='ocrx_word' id='word_1_62' title='bbox 448 1509 549 1574; x_wconf 85' lang='lat' dir='ltr'>multa</span> <span class='ocrx_word' id='word_1_63' title='bbox 570 1511 732 1575; x_wconf 83' lang='lat' dir='ltr'>vocaveris</span> 
     </span>
     <span class='ocr_line' id='line_1_15' title="bbox 19 1593 672 1678; baseline -0.003 -19"><span class='ocrx_word' id='word_1_64' title='bbox 19 1634 21 1675; x_wconf 68' lang='lat'>3</span> <span class='ocrx_word' id='word_1_65' title='bbox 111 1593 211 1659; x_wconf 86' lang='lat' dir='ltr'>Recte</span> <span class='ocrx_word' id='word_1_66' title='bbox 233 1593 376 1678; x_wconf 63' lang='lat' dir='ltr'>beatum</span> <span class='ocrx_word' id='word_1_67' title='bbox 398 1594 515 1659; x_wconf 88' lang='lat' dir='ltr'>rectius</span> <span class='ocrx_word' id='word_1_68' title='bbox 538 1597 672 1678; x_wconf 85' lang='lat' dir='ltr'>occupat</span> 
     </span>
    </p>

    <p class='ocr_par' dir='ltr' id='par_1_7' title="bbox 19 1676 633 1773">
     <span class='ocr_line' id='line_1_16' title="bbox 19 1676 633 1773; baseline -0.003 -29"><span class='ocrx_word' id='word_1_69' title='bbox 19 1690 21 1773; x_wconf 59' lang='lat' dir='ltr'>y</span> <span class='ocrx_word' id='word_1_70' title='bbox 83 1718 86 1722; x_wconf 95' lang='lat'><em>·</em></span> <span class='ocrx_word' id='word_1_71' title='bbox 154 1676 284 1744; x_wconf 88' lang='lat' dir='ltr'>Nomen</span> <span class='ocrx_word' id='word_1_72' title='bbox 303 1677 403 1761; x_wconf 82' lang='lat' dir='ltr'>besti,</span> <span class='ocrx_word' id='word_1_73' title='bbox 426 1677 481 1761; x_wconf 84' lang='lat' dir='ltr'>qui</span> <span class='ocrx_word' id='word_1_74' title='bbox 501 1678 633 1744; x_wconf 88' lang='lat' dir='ltr'>deorum</span> 
     </span>
    </p>

    <p class='ocr_par' dir='ltr' id='par_1_8' title="bbox 20 1761 644 1845">
     <span class='ocr_line' id='line_1_17' title="bbox 20 1761 644 1845; baseline -0.002 -19"><span class='ocrx_word' id='word_1_75' title='bbox 20 1778 21 1783; x_wconf 73' lang='grc'>’</span> <span class='ocrx_word' id='word_1_76' title='bbox 198 1761 384 1828; x_wconf 83' lang='lat' dir='ltr'>Muneribus</span> <span class='ocrx_word' id='word_1_77' title='bbox 405 1761 565 1845; x_wconf 80' lang='lat' dir='ltr'>supienter</span> <span class='ocrx_word' id='word_1_78' title='bbox 586 1762 644 1827; x_wconf 89' lang='lat' dir='ltr'>uti.</span> 
     </span>
    </p>
   </div>
   <div class='ocr_carea' id='block_1_6' title="bbox 19 1848 738 1981">
    <p class='ocr_par' dir='ltr' id='par_1_9' title="bbox 19 1848 738 1981">
     <span class='ocr_line' id='line_1_18' title="bbox 19 1848 738 1981; baseline 0.014 -24"><span class='ocrx_word' id='word_1_79' title='bbox 19 1848 21 1957; x_wconf 75' lang='lat'><em>]</em></span> <span class='ocrx_word' id='word_1_80' title='bbox 111 1896 296 1980; x_wconf 82' lang='lat' dir='ltr'>Duromque</span> <span class='ocrx_word' id='word_1_81' title='bbox 318 1895 412 1960; x_wconf 82' lang='lat' dir='ltr'>callet</span> <span class='ocrx_word' id='word_1_82' title='bbox 431 1897 614 1980; x_wconf 83' lang='lat' dir='ltr'>pauperiem</span> <span class='ocrx_word' id='word_1_83' title='bbox 635 1898 703 1981; x_wconf 79' lang='lat' dir='ltr'>peti</span> <span class='ocrx_word' id='word_1_84' title='bbox 729 1956 738 1967; x_wconf 90' lang='lat'><strong>.</strong></span> 
     </span>
    </p>
   </div>
   <div class='ocr_carea' id='block_1_7' title="bbox 19 1979 672 2234">
    <p class='ocr_par' dir='ltr' id='par_1_10' title="bbox 19 1968 672 2234">
     <span class='ocr_line' id='line_1_19' title="bbox 19 1979 659 2066; baseline -0.002 -20"><span class='ocrx_word' id='word_1_85' title='bbox 19 1984 21 2007; x_wconf 92' lang='lat'>&#39;</span> <span class='ocrx_word' id='word_1_86' title='bbox 111 1980 270 2064; x_wconf 89' lang='lat' dir='ltr'>Peiusque</span> <span class='ocrx_word' id='word_1_87' title='bbox 291 1979 354 2044; x_wconf 92' lang='lat' dir='ltr'>leto</span> <span class='ocrx_word' id='word_1_88' title='bbox 376 1980 533 2065; x_wconf 83' lang='lat' dir='ltr'>flagitium</span> <span class='ocrx_word' id='word_1_89' title='bbox 553 1981 659 2066; x_wconf 87' lang='lat' dir='ltr'>timet,</span> 
     </span>
     <span class='ocr_line' id='line_1_20' title="bbox 19 2063 620 2148; baseline 0.003 -21"><span class='ocrx_word' id='word_1_90' title='bbox 19 2084 21 2127; x_wconf 76' lang='grc'>;</span> <span class='ocrx_word' id='word_1_91' title='bbox 155 2063 232 2131; x_wconf 89' lang='lat' dir='ltr'>Non</span> <span class='ocrx_word' id='word_1_92' title='bbox 253 2064 307 2128; x_wconf 85' lang='lat' dir='ltr'>ille</span> <span class='ocrx_word' id='word_1_93' title='bbox 328 2085 388 2148; x_wconf 87' lang='lat' dir='ltr'>pro</span> <span class='ocrx_word' id='word_1_94' title='bbox 409 2065 490 2128; x_wconf 84' lang='lat' dir='ltr'>coris</span> <span class='ocrx_word' id='word_1_95' title='bbox 511 2066 620 2130; x_wconf 81' lang='lat' dir='ltr'>amieis</span> 
     </span>
     <span class='ocr_line' id='line_1_21' title="bbox 198 2147 672 2234; baseline 0.002 -21"><span class='ocrx_word' id='word_1_96' title='bbox 198 2150 266 2214; x_wconf 85' lang='lat' dir='ltr'>Aut</span> <span class='ocrx_word' id='word_1_97' title='bbox 285 2147 388 2232; x_wconf 82' lang='lat' dir='ltr'>petria</span> <span class='ocrx_word' id='word_1_98' title='bbox 408 2148 538 2213; x_wconf 89' lang='lat' dir='ltr'>timidus</span> <span class='ocrx_word' id='word_1_99' title='bbox 559 2149 672 2234; x_wconf 86' lang='lat' dir='ltr'>perire.</span> 
     </span>
    </p>
   </div>
   <div class='ocr_carea' id='block_1_8' title="bbox 519 2338 671 2348">
    <p class='ocr_par' dir='ltr' id='par_1_11' title="bbox 519 2338 671 2348">
     <span class='ocr_line' id='line_1_22' title="bbox 519 2338 671 2348; baseline -0.007 -1"><span class='ocrx_word' id='word_1_100' title='bbox 519 2338 671 2348; x_wconf 37' lang='lat' dir='ltr'>——ss</span> 
     </span>
    </p>
   </div>
   <div class='ocr_carea' id='block_1_9' title="bbox 573 2490 619 2566">
    <p class='ocr_par' dir='ltr' id='par_1_12' title="bbox 573 2490 619 2566">
     <span class='ocr_line' id='line_1_23' title="bbox 573 2490 619 2566; baseline 0.043 -2"><span class='ocrx_word' id='word_1_101' title='bbox 573 2490 619 2566; x_wconf 87' lang='lat' dir='ltr'>X.</span> 
     </span>
    </p>
   </div>
   <div class='ocr_carea' id='block_1_10' title="bbox 108 2620 1011 2959">
    <p class='ocr_par' dir='ltr' id='par_1_13' title="bbox 109 2620 990 2790">
     <span class='ocr_line' id='line_1_24' title="bbox 112 2620 990 2722; baseline 0.003 -35"><span class='ocrx_word' id='word_1_102' title='bbox 112 2621 142 2687; x_wconf 93' lang='lat'>0</span> <span class='ocrx_word' id='word_1_103' title='bbox 164 2620 301 2687; x_wconf 88' lang='lat' dir='ltr'>crudelis</span> <span class='ocrx_word' id='word_1_104' title='bbox 322 2621 424 2687; x_wconf 81' lang='lat' dir='ltr'>adhuc</span> <span class='ocrx_word' id='word_1_105' title='bbox 446 2625 480 2687; x_wconf 83' lang='lat' dir='ltr'>et</span> <span class='ocrx_word' id='word_1_106' title='bbox 499 2621 634 2688; x_wconf 86' lang='lat' dir='ltr'>Veneris</span> <span class='ocrx_word' id='word_1_107' title='bbox 656 2622 839 2688; x_wconf 88' lang='lat' dir='ltr'>muneribus</span> <span class='ocrx_word' id='word_1_108' title='bbox 860 2627 990 2722; x_wconf 89' lang='lat' dir='ltr'>potens,</span> 
     </span>
     <span class='ocr_line' id='line_1_25' title="bbox 109 2705 909 2790; baseline 0.003 -20"><span class='ocrx_word' id='word_1_109' title='bbox 109 2705 280 2790; x_wconf 82' lang='lat' dir='ltr'>Insperata</span> <span class='ocrx_word' id='word_1_110' title='bbox 300 2708 374 2771; x_wconf 80' lang='lat' dir='ltr'>tuoe</span> <span class='ocrx_word' id='word_1_111' title='bbox 396 2728 468 2770; x_wconf 90' lang='lat' dir='ltr'>cum</span> <span class='ocrx_word' id='word_1_112' title='bbox 488 2706 596 2771; x_wconf 84' lang='lat' dir='ltr'>reniet</span> <span class='ocrx_word' id='word_1_113' title='bbox 615 2705 724 2790; x_wconf 83' lang='lat' dir='ltr'>pluma</span> <span class='ocrx_word' id='word_1_114' title='bbox 745 2728 782 2772; x_wconf 89' lang='lat' dir='ltr'>su</span> <span class='ocrx_word' id='word_1_115' title='bbox 806 2707 909 2773; x_wconf 81' lang='lat' dir='ltr'>erbrse</span> 
     </span>
    </p>

    <p class='ocr_par' dir='ltr' id='par_1_14' title="bbox 108 2730 1011 2959">
     <span class='ocr_line' id='line_1_26' title="bbox 109 2730 1010 2875; baseline 0.001 -21"><span class='ocrx_word' id='word_1_116' title='bbox 109 2788 166 2872; x_wconf 83' lang='lat' dir='ltr'>Et,</span> <span class='ocrx_word' id='word_1_117' title='bbox 183 2811 263 2873; x_wconf 86' lang='lat' dir='ltr'>quse</span> <span class='ocrx_word' id='word_1_118' title='bbox 273 2811 359 2855; x_wconf 91' lang='lat' dir='ltr'>nunc</span> <span class='ocrx_word' id='word_1_119' title='bbox 375 2791 492 2856; x_wconf 88' lang='lat' dir='ltr'>umeris</span> <span class='ocrx_word' id='word_1_120' title='bbox 510 2790 688 2875; x_wconf 72' lang='lat' dir='ltr'>incolitant,</span> <span class='ocrx_word' id='word_1_121' title='bbox 706 2730 883 2856; x_wconf 82' lang='lat' dir='ltr'>deciderint</span> <span class='ocrx_word' id='word_1_122' title='bbox 892 2810 1010 2874; x_wconf 81' lang='lat' dir='ltr'>comae,</span> 
     </span>
     <span class='ocr_line' id='line_1_27' title="bbox 108 2872 1011 2959; baseline 0 -21"><span class='ocrx_word' id='word_1_123' title='bbox 108 2872 210 2938; x_wconf 92' lang='lat' dir='ltr'>Nunc</span> <span class='ocrx_word' id='word_1_124' title='bbox 225 2877 257 2938; x_wconf 90' lang='lat' dir='ltr'>et</span> <span class='ocrx_word' id='word_1_125' title='bbox 278 2875 332 2958; x_wconf 88' lang='lat' dir='ltr'>qui</span> <span class='ocrx_word' id='word_1_126' title='bbox 347 2874 435 2939; x_wconf 88' lang='lat' dir='ltr'>color</span> <span class='ocrx_word' id='word_1_127' title='bbox 456 2876 505 2939; x_wconf 89' lang='lat' dir='ltr'>est</span> <span class='ocrx_word' id='word_1_128' title='bbox 524 2874 677 2959; x_wconf 82' lang='lat' dir='ltr'>puniceae</span> <span class='ocrx_word' id='word_1_129' title='bbox 698 2875 776 2940; x_wconf 91' lang='lat' dir='ltr'>flore</span> <span class='ocrx_word' id='word_1_130' title='bbox 797 2875 885 2959; x_wconf 89' lang='lat' dir='ltr'>prior</span> <span class='ocrx_word' id='word_1_131' title='bbox 905 2895 1011 2958; x_wconf 82' lang='lat' dir='ltr'>rosae,</span> 
     </span>
    </p>
   </div>
   <div class='ocr_carea' id='block_1_11' title="bbox 19 3006 1074 3355">
    <p class='ocr_par' dir='ltr' id='par_1_15' title="bbox 19 3006 1074 3355">
     <span class='ocr_line' id='line_1_28' title="bbox 107 3006 1074 3094; baseline -0.001 -22"><span class='ocrx_word' id='word_1_132' title='bbox 107 3006 271 3090; x_wconf 79' lang='lat' dir='ltr'>Mutatus,</span> <span class='ocrx_word' id='word_1_133' title='bbox 294 3007 462 3094; x_wconf 79' lang='lat' dir='ltr'>Ligurine,</span> <span class='ocrx_word' id='word_1_134' title='bbox 489 3009 660 3074; x_wconf 78' lang='lat' dir='ltr'>infaciem</span> <span class='ocrx_word' id='word_1_135' title='bbox 681 3009 813 3074; x_wconf 85' lang='lat' dir='ltr'>verterit</span> <span class='ocrx_word' id='word_1_136' title='bbox 833 3006 884 3073; x_wconf 88' lang='lat' dir='ltr'>his</span> <span class='ocrx_word' id='word_1_137' title='bbox 907 3008 1006 3092; x_wconf 84' lang='lat' dir='ltr'>idam3</span> <span class='ocrx_word' id='word_1_138' title='bbox 1057 3020 1074 3071; x_wconf 81' lang='lat'>5</span> 
     </span>
     <span class='ocr_line' id='line_1_29' title="bbox 19 3090 1011 3183; baseline 0 -27"><span class='ocrx_word' id='word_1_139' title='bbox 19 3144 21 3183; x_wconf 37' lang='lat' dir='ltr'>p</span> <span class='ocrx_word' id='word_1_140' title='bbox 105 3090 209 3156; x_wconf 87' lang='lat' dir='ltr'>Dices</span> <span class='ocrx_word' id='word_1_141' title='bbox 231 3092 332 3175; x_wconf 74' lang='lat' dir='ltr'>‘heu‚&#39;</span> <span class='ocrx_word' id='word_1_142' title='bbox 355 3094 501 3177; x_wconf 86' lang='lat' dir='ltr'>quotiens</span> <span class='ocrx_word' id='word_1_143' title='bbox 522 3096 555 3157; x_wconf 88' lang='lat' dir='ltr'>te</span> <span class='ocrx_word' id='word_1_144' title='bbox 577 3094 705 3177; x_wconf 85' lang='lat' dir='ltr'>speculo</span> <span class='ocrx_word' id='word_1_145' title='bbox 724 3092 841 3158; x_wconf 85' lang='lat' dir='ltr'>rideris</span> <span class='ocrx_word' id='word_1_146' title='bbox 893 3096 1011 3176; x_wconf 84' lang='lat' dir='ltr'>terum,</span> 
     </span>
     <span class='ocr_line' id='line_1_30' title="bbox 19 3174 1011 3261; baseline -0.001 -21"><span class='ocrx_word' id='word_1_147' title='bbox 19 3186 21 3215; x_wconf 72' lang='lat'>²</span> <span class='ocrx_word' id='word_1_148' title='bbox 107 3174 214 3251; x_wconf 78' lang='lat' dir='ltr'>‘Quae</span> <span class='ocrx_word' id='word_1_149' title='bbox 228 3195 319 3240; x_wconf 89' lang='lat' dir='ltr'>mens</span> <span class='ocrx_word' id='word_1_150' title='bbox 334 3179 384 3241; x_wconf 92' lang='lat' dir='ltr'>est</span> <span class='ocrx_word' id='word_1_151' title='bbox 403 3176 512 3261; x_wconf 89' lang='lat' dir='ltr'>hodie,</span> <span class='ocrx_word' id='word_1_152' title='bbox 536 3199 591 3241; x_wconf 88' lang='lat' dir='ltr'>cur</span> <span class='ocrx_word' id='word_1_153' title='bbox 605 3178 714 3245; x_wconf 78' lang='lat' dir='ltr'>eedem</span> <span class='ocrx_word' id='word_1_154' title='bbox 728 3197 796 3243; x_wconf 88' lang='lat' dir='ltr'>non</span> <span class='ocrx_word' id='word_1_155' title='bbox 815 3197 914 3261; x_wconf 91' lang='lat' dir='ltr'>puero</span> <span class='ocrx_word' id='word_1_156' title='bbox 935 3176 1011 3260; x_wconf 87' lang='lat' dir='ltr'>fuit,</span> 
     </span>
     <span class='ocr_line' id='line_1_31' title="bbox 19 3230 990 3355; baseline -0.002 -30"><span class='ocrx_word' id='word_1_157' title='bbox 19 3230 21 3355; x_wconf 43' lang='grc' dir='ltr'>ἶ</span> <span class='ocrx_word' id='word_1_158' title='bbox 104 3258 174 3325; x_wconf 91' lang='lat' dir='ltr'>Vel</span> <span class='ocrx_word' id='word_1_159' title='bbox 186 3279 242 3324; x_wconf 88' lang='lat' dir='ltr'>eur</span> <span class='ocrx_word' id='word_1_160' title='bbox 256 3258 307 3324; x_wconf 90' lang='lat' dir='ltr'>his</span> <span class='ocrx_word' id='word_1_161' title='bbox 319 3261 434 3326; x_wconf 84' lang='lat' dir='ltr'>animis</span> <span class='ocrx_word' id='word_1_162' title='bbox 445 3262 696 3327; x_wconf 84' lang='lat' dir='ltr'>incolumesnon</span> <span class='ocrx_word' id='word_1_163' title='bbox 706 3261 842 3327; x_wconf 86' lang='lat' dir='ltr'>redeunt</span> <span class='ocrx_word' id='word_1_164' title='bbox 854 3259 990 3345; x_wconf 80' lang='lat' dir='ltr'>genae?&#39;</span> 
     </span>
    </p>
   </div>
   <div class='ocr_carea' id='block_1_12' title="bbox 521 3451 671 3461">
    <p class='ocr_par' dir='ltr' id='par_1_16' title="bbox 521 3451 671 3461">
     <span class='ocr_line' id='line_1_32' title="bbox 521 3451 671 3461; baseline -0.007 0"><span class='ocrx_word' id='word_1_165' title='bbox 521 3451 671 3461; x_wconf 54' lang='lat' dir='ltr'>...aa—..-</span> 
     </span>
    </p>
   </div>
   <div class='ocr_carea' id='block_1_13' title="bbox 0 0 1304 4026">
    <p class='ocr_par' dir='ltr' id='par_1_17' title="bbox 0 0 1304 4026">
     <span class='ocr_line' id='line_1_33' title="bbox 0 0 1304 4026; baseline 0 2"><span class='ocrx_word' id='word_1_166' title='bbox 0 0 1304 4026; x_wconf 95' lang='lat' dir='ltr'> </span> 
     </span>
    </p>
   </div>
  </div>
 </body>
</html>
