<?xml version="1.0" encoding="UTF-8"?>
<!DOCTYPE html PUBLIC "-//W3C//DTD XHTML 1.0 Transitional//EN"
    "http://www.w3.org/TR/xhtml1/DTD/xhtml1-transitional.dtd">
<html xmlns="http://www.w3.org/1999/xhtml" xml:lang="en" lang="en">
 <head>
  <title>
</title>
<meta http-equiv="Content-Type" content="text/html;charset=utf-8" />
  <meta name='ocr-system' content='tesseract 3.04.00' />
  <meta name='ocr-capabilities' content='ocr_page ocr_carea ocr_par ocr_line ocrx_word'/>
</head>
<body>
  <div class='ocr_page' id='page_1' title='image "./qhoratiiflacica00mlgoog_0262.png"; bbox 0 0 2610 4028; ppageno 0'>
   <div class='ocr_carea' id='block_1_1' title="bbox 21 204 1089 288">
    <p class='ocr_par' dir='ltr' id='par_1_1' title="bbox 21 204 1089 288">
     <span class='ocr_line' id='line_1_1' title="bbox 21 204 1089 288; baseline 0.005 -19"><span class='ocrx_word' id='word_1_1' title='bbox 21 204 23 229; x_wconf 80' lang='lat'>¹</span> <span class='ocrx_word' id='word_1_2' title='bbox 127 216 185 288; x_wconf 74' lang='lat' dir='ltr'><strong>ur]</strong></span> <span class='ocrx_word' id='word_1_3' title='bbox 517 214 625 270; x_wconf 80' lang='lat' dir='ltr'><strong>omen</strong></span> <span class='ocrx_word' id='word_1_4' title='bbox 645 214 681 271; x_wconf 89' lang='lat'><strong>11.</strong></span> <span class='ocrx_word' id='word_1_5' title='bbox 1027 209 1089 277; x_wconf 81' lang='lat'><strong>161</strong></span> 
     </span>
    </p>
   </div>
   <div class='ocr_carea' id='block_1_2' title="bbox 21 375 1012 462">
    <p class='ocr_par' dir='ltr' id='par_1_2' title="bbox 21 375 1012 462">
     <span class='ocr_line' id='line_1_2' title="bbox 21 375 1012 462; baseline 0.007 -25"><span class='ocrx_word' id='word_1_6' title='bbox 21 376 23 437; x_wconf 87' lang='lat' dir='ltr'><strong>l</strong></span> <span class='ocrx_word' id='word_1_7' title='bbox 125 376 282 462; x_wconf 83' lang='lat' dir='ltr'><strong>Eupolin,</strong></span> <span class='ocrx_word' id='word_1_8' title='bbox 304 375 549 459; x_wconf 77' lang='lat' dir='ltr'><strong>Archilochum,</strong></span> <span class='ocrx_word' id='word_1_9' title='bbox 572 376 704 442; x_wconf 76' lang='lat' dir='ltr'><strong>comites</strong></span> <span class='ocrx_word' id='word_1_10' title='bbox 727 376 859 443; x_wconf 85' lang='lat' dir='ltr'><strong>educere</strong></span> <span class='ocrx_word' id='word_1_11' title='bbox 880 377 1012 444; x_wconf 75' lang='lat' dir='ltr'><strong>tentos?</strong></span> 
     </span>
    </p>
   </div>
   <div class='ocr_carea' id='block_1_3' title="bbox 21 460 430 545">
    <p class='ocr_par' dir='ltr' id='par_1_3' title="bbox 21 460 430 545">
     <span class='ocr_line' id='line_1_3' title="bbox 21 460 430 545; baseline 0.012 -24"><span class='ocrx_word' id='word_1_12' title='bbox 21 494 22 521; x_wconf 75' lang='lat'>1</span> <span class='ocrx_word' id='word_1_13' title='bbox 126 461 282 527; x_wconf 79' lang='lat' dir='ltr'><strong>Invidiam</strong></span> <span class='ocrx_word' id='word_1_14' title='bbox 303 460 430 545; x_wconf 86' lang='lat' dir='ltr'><strong>placare</strong></span> 
     </span>
    </p>
   </div>
   <div class='ocr_carea' id='block_1_4' title="bbox 478 461 843 527">
    <p class='ocr_par' dir='ltr' id='par_1_4' title="bbox 478 461 843 527">
     <span class='ocr_line' id='line_1_4' title="bbox 478 461 843 527; baseline -0.003 -1"><span class='ocrx_word' id='word_1_15' title='bbox 478 482 550 526; x_wconf 88' lang='lat' dir='ltr'><strong>aras</strong></span> <span class='ocrx_word' id='word_1_16' title='bbox 570 461 688 526; x_wconf 85' lang='lat' dir='ltr'><strong>virtute</strong></span> <span class='ocrx_word' id='word_1_17' title='bbox 709 461 843 527; x_wconf 78' lang='lat' dir='ltr'><strong>relicta?</strong></span> 
     </span>
    </p>
   </div>
   <div class='ocr_carea' id='block_1_5' title="bbox 125 482 1091 725">
    <p class='ocr_par' dir='ltr' id='par_1_5' title="bbox 125 482 1091 725">
     <span class='ocr_line' id='line_1_5' title="bbox 125 482 952 629; baseline 0.002 -20"><span class='ocrx_word' id='word_1_18' title='bbox 125 544 337 610; x_wconf 74' lang='lat' dir='ltr'><strong>Contemnere</strong></span> <span class='ocrx_word' id='word_1_19' title='bbox 358 482 477 610; x_wconf 67' lang='lat' dir='ltr'><strong>miseri¹</strong></span> <span class='ocrx_word' id='word_1_20' title='bbox 511 543 684 610; x_wconf 76' lang='lat' dir='ltr'><strong>Vitandnst</strong></span> <span class='ocrx_word' id='word_1_21' title='bbox 703 545 839 629; x_wconf 88' lang='lat' dir='ltr'><strong>inproba</strong></span> <span class='ocrx_word' id='word_1_22' title='bbox 860 545 952 611; x_wconf 86' lang='lat' dir='ltr'><strong>Siren</strong></span> 
     </span>
     <span class='ocr_line' id='line_1_6' title="bbox 125 627 1091 725; baseline 0.001 -33"><span class='ocrx_word' id='word_1_23' title='bbox 125 627 269 712; x_wconf 88' lang='lat' dir='ltr'><strong>Desidia,</strong></span> <span class='ocrx_word' id='word_1_24' title='bbox 292 630 348 692; x_wconf 85' lang='lat' dir='ltr'><strong>aut</strong></span> <span class='ocrx_word' id='word_1_25' title='bbox 369 628 526 725; x_wconf 42' lang='lat' dir='ltr'><strong>quidquid·</strong></span> <span class='ocrx_word' id='word_1_26' title='bbox 542 629 610 694; x_wconf 78' lang='lat' dir='ltr'><strong>rita</strong></span> <span class='ocrx_word' id='word_1_27' title='bbox 630 629 761 695; x_wconf 85' lang='lat' dir='ltr'><strong>meliore</strong></span> <span class='ocrx_word' id='word_1_28' title='bbox 782 631 902 714; x_wconf 76' lang='lat' dir='ltr'><strong>parasti</strong></span> <span class='ocrx_word' id='word_1_29' title='bbox 1057 643 1091 693; x_wconf 82' lang='lat'><strong>15</strong></span> 
     </span>
    </p>
   </div>
   <div class='ocr_carea' id='block_1_6' title="bbox 21 712 1025 800">
    <p class='ocr_par' dir='ltr' id='par_1_6' title="bbox 21 712 1025 800">
     <span class='ocr_line' id='line_1_7' title="bbox 21 712 1025 800; baseline 0.003 -23"><span class='ocrx_word' id='word_1_30' title='bbox 21 740 23 745; x_wconf 50' lang='lat'>&gt;</span> <span class='ocrx_word' id='word_1_31' title='bbox 125 713 312 777; x_wconf 86' lang='lat' dir='ltr'><strong>Ponendum</strong></span> <span class='ocrx_word' id='word_1_32' title='bbox 344 733 444 797; x_wconf 86' lang='lat' dir='ltr'><strong>aequo</strong></span> <span class='ocrx_word' id='word_1_33' title='bbox 475 719 604 778; x_wconf 67' lang='lat' dir='ltr'><strong>ammo?</strong></span> <span class='ocrx_word' id='word_1_34' title='bbox 649 712 704 778; x_wconf 81' lang='lat' dir='ltr'><strong>‘Di</strong></span> <span class='ocrx_word' id='word_1_35' title='bbox 734 716 783 797; x_wconf 87' lang='lat' dir='ltr'><strong>te,</strong></span> <span class='ocrx_word' id='word_1_36' title='bbox 815 712 1025 800; x_wconf 77' lang='lat' dir='ltr'><strong>Damasippe3</strong></span> 
     </span>
    </p>
   </div>
   <div class='ocr_carea' id='block_1_7' title="bbox 124 797 1027 1116">
    <p class='ocr_par' dir='ltr' id='par_1_7' title="bbox 124 797 1027 1116">
     <span class='ocr_line' id='line_1_8' title="bbox 125 797 1013 947; baseline 0.003 -3"><span class='ocrx_word' id='word_1_37' title='bbox 125 878 245 945; x_wconf 86' lang='lat' dir='ltr'><strong>Verum</strong></span> <span class='ocrx_word' id='word_1_38' title='bbox 266 881 309 945; x_wconf 93' lang='lat' dir='ltr'><strong>ob</strong></span> <span class='ocrx_word' id='word_1_39' title='bbox 331 880 500 947; x_wconf 84' lang='lat' dir='ltr'><strong>consilium</strong></span> <span class='ocrx_word' id='word_1_40' title='bbox 522 881 643 946; x_wconf 91' lang='lat' dir='ltr'><strong>donent</strong></span> <span class='ocrx_word' id='word_1_41' title='bbox 662 797 908 947; x_wconf 41' lang='lat' dir='ltr'><strong>mqqsqequged</strong></span> <span class='ocrx_word' id='word_1_42' title='bbox 928 881 1013 947; x_wconf 90' lang='lat' dir='ltr'><strong>unde</strong></span> 
     </span>
     <span class='ocr_line' id='line_1_9' title="bbox 124 963 1027 1116; baseline 0.001 -87"><span class='ocrx_word' id='word_1_43' title='bbox 124 963 204 1029; x_wconf 84' lang='lat' dir='ltr'><strong>Tam</strong></span> <span class='ocrx_word' id='word_1_44' title='bbox 226 965 307 1030; x_wconf 90' lang='lat' dir='ltr'><strong>bene</strong></span> <span class='ocrx_word' id='word_1_45' title='bbox 329 986 380 1030; x_wconf 90' lang='lat' dir='ltr'><strong>me</strong></span> <span class='ocrx_word' id='word_1_46' title='bbox 400 964 523 1030; x_wconf 72' lang='lat' dir='ltr'><strong>nostii&#39;</strong></span> <span class='ocrx_word' id='word_1_47' title='bbox 560 965 864 1116; x_wconf 47' lang='lat' dir='ltr'><strong>‘Postquenqaqlmuqis</strong></span> <span class='ocrx_word' id='word_1_48' title='bbox 884 988 935 1032; x_wconf 87' lang='lat' dir='ltr'><strong>res</strong></span> <span class='ocrx_word' id='word_1_49' title='bbox 955 987 1027 1031; x_wconf 87' lang='lat' dir='ltr'><strong>mea</strong></span> 
     </span>
    </p>
   </div>
   <div class='ocr_carea' id='block_1_8' title="bbox 124 1132 1089 1303">
    <p class='ocr_par' dir='ltr' id='par_1_8' title="bbox 124 1132 1089 1303">
     <span class='ocr_line' id='line_1_10' title="bbox 124 1132 884 1219; baseline 0.004 -22"><span class='ocrx_word' id='word_1_50' title='bbox 124 1132 176 1197; x_wconf 83' lang='lat' dir='ltr'><strong>Ad</strong></span> <span class='ocrx_word' id='word_1_51' title='bbox 198 1133 340 1199; x_wconf 89' lang='lat' dir='ltr'><strong>medium</strong></span> <span class='ocrx_word' id='word_1_52' title='bbox 360 1133 508 1215; x_wconf 81' lang='lat' dir='ltr'><strong>fractast,</strong></span> <span class='ocrx_word' id='word_1_53' title='bbox 531 1134 637 1198; x_wconf 88' lang='lat' dir='ltr'><strong>aliena</strong></span> <span class='ocrx_word' id='word_1_54' title='bbox 656 1135 788 1219; x_wconf 78' lang='lat' dir='ltr'><strong>negotia</strong></span> <span class='ocrx_word' id='word_1_55' title='bbox 809 1155 884 1200; x_wconf 87' lang='lat' dir='ltr'><strong>euro</strong></span> 
     </span>
     <span class='ocr_line' id='line_1_11' title="bbox 124 1217 1089 1303; baseline -0.001 -22"><span class='ocrx_word' id='word_1_56' title='bbox 124 1217 286 1282; x_wconf 81' lang='lat' dir='ltr'><strong>Excussus</strong></span> <span class='ocrx_word' id='word_1_57' title='bbox 307 1217 456 1302; x_wconf 83' lang='lat' dir='ltr'><strong>propriis.</strong></span> <span class='ocrx_word' id='word_1_58' title='bbox 493 1217 579 1283; x_wconf 92' lang='lat' dir='ltr'><strong>Olim</strong></span> <span class='ocrx_word' id='word_1_59' title='bbox 601 1239 678 1283; x_wconf 88' lang='lat' dir='ltr'><strong>nam</strong></span> <span class='ocrx_word' id='word_1_60' title='bbox 700 1240 849 1303; x_wconf 86' lang='lat' dir='ltr'><strong>quaerere</strong></span> <span class='ocrx_word' id='word_1_61' title='bbox 864 1219 1025 1302; x_wconf 80' lang='lat' dir='ltr'><strong>amabam,</strong></span> <span class='ocrx_word' id='word_1_62' title='bbox 1055 1232 1089 1281; x_wconf 80' lang='lat'><strong>20</strong></span> 
     </span>
    </p>
   </div>
   <div class='ocr_carea' id='block_1_9' title="bbox 21 1300 1018 1469">
    <p class='ocr_par' dir='ltr' id='par_1_9' title="bbox 21 1300 1018 1469">
     <span class='ocr_line' id='line_1_12' title="bbox 21 1300 936 1387; baseline 0.004 -22"><span class='ocrx_word' id='word_1_63' title='bbox 21 1338 22 1383; x_wconf 60' lang='lat'>3</span> <span class='ocrx_word' id='word_1_64' title='bbox 124 1300 195 1377; x_wconf 78' lang='lat' dir='ltr'><strong>Quo</strong></span> <span class='ocrx_word' id='word_1_65' title='bbox 217 1300 308 1366; x_wconf 81' lang='lat' dir='ltr'><strong>vafer</strong></span> <span class='ocrx_word' id='word_1_66' title='bbox 326 1301 382 1366; x_wconf 91' lang='lat' dir='ltr'><strong>ille</strong></span> <span class='ocrx_word' id='word_1_67' title='bbox 403 1301 500 1385; x_wconf 91' lang='lat' dir='ltr'><strong>pedes</strong></span> <span class='ocrx_word' id='word_1_68' title='bbox 522 1302 653 1367; x_wconf 81' lang='lat' dir='ltr'><strong>lavisset</strong></span> <span class='ocrx_word' id='word_1_69' title='bbox 673 1301 828 1387; x_wconf 78' lang='lat' dir='ltr'><strong>Sisyphus</strong></span> <span class='ocrx_word' id='word_1_70' title='bbox 850 1325 936 1387; x_wconf 87' lang='lat' dir='ltr'><strong>aare,</strong></span> 
     </span>
     <span class='ocr_line' id='line_1_13' title="bbox 124 1384 1018 1469; baseline 0.004 -20"><span class='ocrx_word' id='word_1_71' title='bbox 124 1384 209 1461; x_wconf 80' lang='lat' dir='ltr'><strong>Quid</strong></span> <span class='ocrx_word' id='word_1_72' title='bbox 231 1386 392 1469; x_wconf 88' lang='lat' dir='ltr'><strong>sculptum</strong></span> <span class='ocrx_word' id='word_1_73' title='bbox 412 1385 551 1469; x_wconf 81' lang='lat' dir='ltr'><strong>infabre,</strong></span> <span class='ocrx_word' id='word_1_74' title='bbox 595 1385 650 1451; x_wconf 92' lang='lat' dir='ltr'><strong>uid</strong></span> <span class='ocrx_word' id='word_1_75' title='bbox 670 1386 778 1451; x_wconf 80' lang='lat' dir='ltr'><strong>frrsum</strong></span> <span class='ocrx_word' id='word_1_76' title='bbox 799 1387 907 1452; x_wconf 86' lang='lat' dir='ltr'><strong>durius</strong></span> <span class='ocrx_word' id='word_1_77' title='bbox 925 1390 1018 1454; x_wconf 89' lang='lat' dir='ltr'><strong>esset.</strong></span> 
     </span>
    </p>
   </div>
   <div class='ocr_carea' id='block_1_10' title="bbox 21 1467 1089 1723">
    <p class='ocr_par' dir='ltr' id='par_1_10' title="bbox 21 1467 1089 1723">
     <span class='ocr_line' id='line_1_14' title="bbox 126 1467 935 1557; baseline 0.001 -22"><span class='ocrx_word' id='word_1_78' title='bbox 126 1468 269 1535; x_wconf 74' lang='lat' dir='ltr'><strong>Callidus</strong></span> <span class='ocrx_word' id='word_1_79' title='bbox 290 1467 365 1535; x_wconf 92' lang='lat' dir='ltr'><strong>huic</strong></span> <span class='ocrx_word' id='word_1_80' title='bbox 386 1472 480 1555; x_wconf 82' lang='lat' dir='ltr'><strong>signo</strong></span> <span class='ocrx_word' id='word_1_81' title='bbox 525 1491 586 1535; x_wconf 92' lang='lat' dir='ltr'><strong>one</strong></span> <span class='ocrx_word' id='word_1_82' title='bbox 609 1491 662 1535; x_wconf 85' lang='lat' dir='ltr'><strong>am</strong></span> <span class='ocrx_word' id='word_1_83' title='bbox 682 1470 773 1535; x_wconf 86' lang='lat' dir='ltr'><strong>milia</strong></span> <span class='ocrx_word' id='word_1_84' title='bbox 794 1474 935 1557; x_wconf 70' lang='lat' dir='ltr'><strong>centum,</strong></span> 
     </span>
     <span class='ocr_line' id='line_1_15' title="bbox 21 1492 902 1645; baseline 0.003 -28"><span class='ocrx_word' id='word_1_85' title='bbox 21 1638 22 1645; x_wconf 6' lang='grc' dir='ltr'>ἵ</span> <span class='ocrx_word' id='word_1_86' title='bbox 125 1552 247 1618; x_wconf 80' lang='lat' dir='ltr'><strong>Hortos</strong></span> <span class='ocrx_word' id='word_1_87' title='bbox 268 1553 477 1640; x_wconf 78' lang='lat' dir='ltr'><strong>egregiasque</strong></span> <span class='ocrx_word' id='word_1_88' title='bbox 497 1492 610 1619; x_wconf 77' lang='lat' dir='ltr'><strong>domos</strong></span> <span class='ocrx_word' id='word_1_89' title='bbox 630 1555 799 1621; x_wconf 86' lang='lat' dir='ltr'><strong>meroarier</strong></span> <span class='ocrx_word' id='word_1_90' title='bbox 819 1576 902 1620; x_wconf 87' lang='lat' dir='ltr'><strong>unus</strong></span> 
     </span>
     <span class='ocr_line' id='line_1_16' title="bbox 21 1635 1089 1723; baseline -0.002 -21"><span class='ocrx_word' id='word_1_91' title='bbox 21 1648 22 1655; x_wconf 75' lang='grc'>’</span> <span class='ocrx_word' id='word_1_92' title='bbox 126 1635 208 1703; x_wconf 92' lang='lat' dir='ltr'><strong>Cum</strong></span> <span class='ocrx_word' id='word_1_93' title='bbox 230 1637 319 1703; x_wconf 88' lang='lat' dir='ltr'><strong>lucro</strong></span> <span class='ocrx_word' id='word_1_94' title='bbox 340 1658 470 1702; x_wconf 88' lang='lat' dir='ltr'><strong>noram:</strong></span> <span class='ocrx_word' id='word_1_95' title='bbox 491 1637 575 1702; x_wconf 89' lang='lat' dir='ltr'><strong>unde</strong></span> <span class='ocrx_word' id='word_1_96' title='bbox 596 1638 776 1723; x_wconf 76' lang='lat' dir='ltr'><strong>frequentia</strong></span> <span class='ocrx_word' id='word_1_97' title='bbox 796 1637 985 1705; x_wconf 84' lang='lat' dir='ltr'><strong>Mercuriale</strong></span> <span class='ocrx_word' id='word_1_98' title='bbox 1056 1652 1089 1701; x_wconf 81' lang='lat'><strong>25</strong></span> 
     </span>
    </p>
   </div>
   <div class='ocr_carea' id='block_1_11' title="bbox 21 1720 935 1807">
    <p class='ocr_par' dir='ltr' id='par_1_11' title="bbox 21 1720 935 1807">
     <span class='ocr_line' id='line_1_17' title="bbox 21 1720 935 1807; baseline 0.003 -22"><span class='ocrx_word' id='word_1_99' title='bbox 21 1722 23 1739; x_wconf 75' lang='lat'><strong>¹</strong></span> <span class='ocrx_word' id='word_1_100' title='bbox 124 1720 298 1805; x_wconf 87' lang='lat' dir='ltr'><strong>Inposuere</strong></span> <span class='ocrx_word' id='word_1_101' title='bbox 319 1721 399 1786; x_wconf 91' lang='lat' dir='ltr'><strong>mihi</strong></span> <span class='ocrx_word' id='word_1_102' title='bbox 421 1743 601 1807; x_wconf 78' lang='lat' dir='ltr'><strong>cognomen</strong></span> <span class='ocrx_word' id='word_1_103' title='bbox 622 1743 693 1788; x_wconf 90' lang='lat' dir='ltr'><strong>com</strong></span> <span class='ocrx_word' id='word_1_104' title='bbox 716 1723 782 1788; x_wconf 84' lang='lat' dir='ltr'><strong>ita’</strong></span> <span class='ocrx_word' id='word_1_105' title='bbox 825 1722 935 1807; x_wconf 55' lang='lat' dir='ltr'><strong>‘Novi</strong></span> 
     </span>
    </p>
   </div>
   <div class='ocr_carea' id='block_1_12' title="bbox 127 1804 941 1892">
    <p class='ocr_par' dir='ltr' id='par_1_12' title="bbox 127 1804 941 1892">
     <span class='ocr_line' id='line_1_18' title="bbox 127 1804 941 1892; baseline 0.002 -23"><span class='ocrx_word' id='word_1_106' title='bbox 127 1804 172 1870; x_wconf 78' lang='lat' dir='ltr'><strong>let</strong></span> <span class='ocrx_word' id='word_1_107' title='bbox 192 1806 292 1870; x_wconf 91' lang='lat' dir='ltr'><strong>miror</strong></span> <span class='ocrx_word' id='word_1_108' title='bbox 312 1805 417 1870; x_wconf 91' lang='lat' dir='ltr'><strong>morbi</strong></span> <span class='ocrx_word' id='word_1_109' title='bbox 437 1810 610 1892; x_wconf 80' lang='lat' dir='ltr'><strong>purgatum</strong></span> <span class='ocrx_word' id='word_1_110' title='bbox 629 1808 694 1872; x_wconf 82' lang='lat' dir='ltr'><strong>te&#39;</strong></span> <span class='ocrx_word' id='word_1_111' title='bbox 725 1807 793 1873; x_wconf 82' lang='lat' dir='ltr'><strong>&#39;ue&#39;</strong></span> <span class='ocrx_word' id='word_1_112' title='bbox 831 1807 941 1891; x_wconf 71' lang='lat' dir='ltr'><strong>‘Atqui</strong></span> 
     </span>
    </p>
   </div>
   <div class='ocr_carea' id='block_1_13' title="bbox 21 1888 964 1975">
    <p class='ocr_par' dir='ltr' id='par_1_13' title="bbox 21 1888 964 1975">
     <span class='ocr_line' id='line_1_19' title="bbox 21 1888 964 1975; baseline 0.003 -21"><span class='ocrx_word' id='word_1_113' title='bbox 21 1896 23 1907; x_wconf 82' lang='grc'>’</span> <span class='ocrx_word' id='word_1_114' title='bbox 125 1888 257 1955; x_wconf 84' lang='lat' dir='ltr'><strong>Emovit</strong></span> <span class='ocrx_word' id='word_1_115' title='bbox 276 1893 417 1955; x_wconf 82' lang='lat' dir='ltr'><strong>veterem</strong></span> <span class='ocrx_word' id='word_1_116' title='bbox 437 1890 517 1955; x_wconf 88' lang='lat' dir='ltr'><strong>mire</strong></span> <span class='ocrx_word' id='word_1_117' title='bbox 538 1912 654 1974; x_wconf 82' lang='lat' dir='ltr'><strong>novus,</strong></span> <span class='ocrx_word' id='word_1_118' title='bbox 677 1894 714 1955; x_wconf 92' lang='lat' dir='ltr'><strong>ut</strong></span> <span class='ocrx_word' id='word_1_119' title='bbox 734 1893 830 1975; x_wconf 88' lang='lat' dir='ltr'><strong>solet,</strong></span> <span class='ocrx_word' id='word_1_120' title='bbox 853 1892 888 1956; x_wconf 91' lang='lat' dir='ltr'><strong>in</strong></span> <span class='ocrx_word' id='word_1_121' title='bbox 910 1912 964 1957; x_wconf 87' lang='lat' dir='ltr'><strong>cor</strong></span> 
     </span>
    </p>
   </div>
   <div class='ocr_carea' id='block_1_14' title="bbox 22 1972 1091 2408">
    <p class='ocr_par' dir='ltr' id='par_1_14' title="bbox 126 1972 852 2059">
     <span class='ocr_line' id='line_1_20' title="bbox 126 1972 852 2059; baseline 0.004 -22"><span class='ocrx_word' id='word_1_122' title='bbox 126 1972 272 2038; x_wconf 77' lang='lat' dir='ltr'><strong>Treiecto</strong></span> <span class='ocrx_word' id='word_1_123' title='bbox 294 1973 402 2039; x_wconf 85' lang='lat' dir='ltr'><strong>lateris</strong></span> <span class='ocrx_word' id='word_1_124' title='bbox 424 1974 532 2040; x_wconf 86' lang='lat' dir='ltr'><strong>miseri</strong></span> <span class='ocrx_word' id='word_1_125' title='bbox 554 1975 705 2059; x_wconf 83' lang='lat' dir='ltr'><strong>capitisve</strong></span> <span class='ocrx_word' id='word_1_126' title='bbox 727 1976 852 2058; x_wconf 87' lang='lat' dir='ltr'><strong>dolore,</strong></span> 
     </span>
    </p>

    <p class='ocr_par' dir='ltr' id='par_1_15' title="bbox 22 2056 1091 2259">
     <span class='ocr_line' id='line_1_21' title="bbox 125 2056 1091 2145; baseline 0.001 -24"><span class='ocrx_word' id='word_1_127' title='bbox 125 2057 171 2121; x_wconf 90' lang='lat' dir='ltr'><strong>Vt</strong></span> <span class='ocrx_word' id='word_1_128' title='bbox 181 2056 375 2143; x_wconf 81' lang='lat' dir='ltr'><strong>lethargicus</strong></span> <span class='ocrx_word' id='word_1_129' title='bbox 383 2057 436 2123; x_wconf 90' lang='lat' dir='ltr'><strong>hic</strong></span> <span class='ocrx_word' id='word_1_130' title='bbox 445 2080 517 2123; x_wconf 90' lang='lat' dir='ltr'><strong>cum</strong></span> <span class='ocrx_word' id='word_1_131' title='bbox 528 2059 565 2123; x_wconf 88' lang='lat' dir='ltr'><strong>fit</strong></span> <span class='ocrx_word' id='word_1_132' title='bbox 574 2060 666 2145; x_wconf 81' lang='lat' dir='ltr'><strong>pugil</strong></span> <span class='ocrx_word' id='word_1_133' title='bbox 676 2062 709 2124; x_wconf 91' lang='lat' dir='ltr'><strong>et</strong></span> <span class='ocrx_word' id='word_1_134' title='bbox 719 2060 877 2125; x_wconf 85' lang='lat' dir='ltr'><strong>medicum</strong></span> <span class='ocrx_word' id='word_1_135' title='bbox 888 2063 1026 2144; x_wconf 65' lang='lat' dir='ltr'><strong>urguet!</strong></span> <span class='ocrx_word' id='word_1_136' title='bbox 1056 2072 1091 2122; x_wconf 84' lang='lat' dir='ltr'><strong>eo</strong></span> 
     </span>
     <span class='ocr_line' id='line_1_22' title="bbox 22 2140 1046 2259; baseline 0.002 -53"><span class='ocrx_word' id='word_1_137' title='bbox 22 2240 23 2259; x_wconf 13' lang='grc' dir='ltr'><strong>Χ</strong></span> <span class='ocrx_word' id='word_1_138' title='bbox 126 2140 225 2206; x_wconf 77' lang='lat' dir='ltr'><strong>‘Dum</strong></span> <span class='ocrx_word' id='word_1_139' title='bbox 239 2141 359 2226; x_wconf 86' lang='lat' dir='ltr'><strong>nequid</strong></span> <span class='ocrx_word' id='word_1_140' title='bbox 374 2141 478 2207; x_wconf 86' lang='lat' dir='ltr'><strong>simile</strong></span> <span class='ocrx_word' id='word_1_141' title='bbox 499 2141 588 2226; x_wconf 85' lang='lat' dir='ltr'><strong>huic,</strong></span> <span class='ocrx_word' id='word_1_142' title='bbox 610 2146 679 2208; x_wconf 88' lang='lat' dir='ltr'><strong>esto</strong></span> <span class='ocrx_word' id='word_1_143' title='bbox 694 2146 732 2207; x_wconf 88' lang='lat' dir='ltr'><strong>ut</strong></span> <span class='ocrx_word' id='word_1_144' title='bbox 751 2144 852 2208; x_wconf 84' lang='lat' dir='ltr'><strong>libet’</strong></span> <span class='ocrx_word' id='word_1_145' title='bbox 887 2142 926 2207; x_wconf 64' lang='lat'><strong>‘0</strong></span> <span class='ocrx_word' id='word_1_146' title='bbox 947 2143 1046 2227; x_wconf 89' lang='lat' dir='ltr'><strong>bone,</strong></span> 
     </span>
    </p>

    <p class='ocr_par' dir='ltr' id='par_1_16' title="bbox 22 2230 1021 2408">
     <span class='ocr_line' id='line_1_23' title="bbox 22 2230 1021 2408; baseline -0.001 -32"><span class='ocrx_word' id='word_1_147' title='bbox 22 2262 24 2309; x_wconf 35' lang='grc' dir='ltr'>ἔ</span> <span class='ocrx_word' id='word_1_148' title='bbox 124 2310 305 2376; x_wconf 77' lang='lat' dir='ltr'><strong>Frustrerez</strong></span> <span class='ocrx_word' id='word_1_149' title='bbox 327 2310 449 2376; x_wconf 79' lang='lat' dir='ltr'><strong>meanis</strong></span> <span class='ocrx_word' id='word_1_150' title='bbox 471 2313 505 2376; x_wconf 88' lang='lat' dir='ltr'><strong>et</strong></span> <span class='ocrx_word' id='word_1_151' title='bbox 524 2313 577 2393; x_wconf 90' lang='lat' dir='ltr'><strong>tu,</strong></span> <span class='ocrx_word' id='word_1_152' title='bbox 600 2230 872 2395; x_wconf 55' lang='lat' dir='ltr'><strong>stultiqudepidpe</strong></span> <span class='ocrx_word' id='word_1_153' title='bbox 893 2331 1021 2408; x_wconf 80' lang='lat' dir='ltr'><strong>omnes,</strong></span> 
     </span>
    </p>
   </div>
   <div class='ocr_carea' id='block_1_15' title="bbox 22 2393 1027 2564">
    <p class='ocr_par' dir='ltr' id='par_1_17' title="bbox 22 2393 1027 2564">
     <span class='ocr_line' id='line_1_24' title="bbox 22 2393 955 2480; baseline 0 -21"><span class='ocrx_word' id='word_1_154' title='bbox 22 2408 23 2411; x_wconf 75' lang='grc'>’</span> <span class='ocrx_word' id='word_1_155' title='bbox 125 2393 238 2479; x_wconf 84' lang='lat' dir='ltr'><strong>Siquid</strong></span> <span class='ocrx_word' id='word_1_156' title='bbox 258 2393 430 2460; x_wconf 75' lang='lat' dir='ltr'><strong>Stertinius</strong></span> <span class='ocrx_word' id='word_1_157' title='bbox 451 2395 518 2460; x_wconf 85' lang='lat' dir='ltr'><strong>veri</strong></span> <span class='ocrx_word' id='word_1_158' title='bbox 540 2398 663 2479; x_wconf 88' lang='lat' dir='ltr'><strong>crepat,</strong></span> <span class='ocrx_word' id='word_1_159' title='bbox 685 2395 770 2459; x_wconf 88' lang='lat' dir='ltr'><strong>unde</strong></span> <span class='ocrx_word' id='word_1_160' title='bbox 791 2415 851 2480; x_wconf 82' lang='lat' dir='ltr'><strong>ego</strong></span> <span class='ocrx_word' id='word_1_161' title='bbox 873 2415 955 2459; x_wconf 87' lang='lat' dir='ltr'><strong>nure</strong></span> 
     </span>
     <span class='ocr_line' id='line_1_25' title="bbox 22 2476 1027 2564; baseline 0.002 -22"><span class='ocrx_word' id='word_1_162' title='bbox 22 2486 23 2525; x_wconf 70' lang='lat' dir='ltr'><strong>l</strong></span> <span class='ocrx_word' id='word_1_163' title='bbox 124 2476 290 2563; x_wconf 87' lang='lat' dir='ltr'><strong>Descripsi</strong></span> <span class='ocrx_word' id='word_1_164' title='bbox 304 2479 416 2544; x_wconf 88' lang='lat' dir='ltr'><strong>docilis</strong></span> <span class='ocrx_word' id='word_1_165' title='bbox 430 2482 600 2564; x_wconf 86' lang='lat' dir='ltr'><strong>praecepta</strong></span> <span class='ocrx_word' id='word_1_166' title='bbox 618 2479 712 2562; x_wconf 86' lang='lat' dir='ltr'><strong>haec,</strong></span> <span class='ocrx_word' id='word_1_167' title='bbox 734 2482 799 2544; x_wconf 91' lang='lat' dir='ltr'><strong>tem</strong></span> <span class='ocrx_word' id='word_1_168' title='bbox 842 2500 876 2544; x_wconf 91' lang='lat' dir='ltr'><strong>re</strong></span> <span class='ocrx_word' id='word_1_169' title='bbox 898 2499 961 2563; x_wconf 94' lang='lat' dir='ltr'><strong>quo</strong></span> <span class='ocrx_word' id='word_1_170' title='bbox 976 2500 1027 2544; x_wconf 90' lang='lat' dir='ltr'><strong>me</strong></span> 
     </span>
    </p>
   </div>
   <div class='ocr_carea' id='block_1_16' title="bbox 22 2561 1090 2661">
    <p class='ocr_par' dir='ltr' id='par_1_18' title="bbox 22 2561 1090 2661">
     <span class='ocr_line' id='line_1_26' title="bbox 22 2561 1090 2661; baseline 0 -34"><span class='ocrx_word' id='word_1_171' title='bbox 22 2572 23 2575; x_wconf 76' lang='grc'>’</span> <span class='ocrx_word' id='word_1_172' title='bbox 125 2561 254 2627; x_wconf 89' lang='lat' dir='ltr'><strong>Solatus</strong></span> <span class='ocrx_word' id='word_1_173' title='bbox 275 2562 369 2627; x_wconf 86' lang='lat' dir='ltr'><strong>iussit</strong></span> <span class='ocrx_word' id='word_1_174' title='bbox 390 2564 566 2647; x_wconf 89' lang='lat' dir='ltr'><strong>sapientem</strong></span> <span class='ocrx_word' id='word_1_175' title='bbox 586 2585 719 2661; x_wconf 84' lang='lat' dir='ltr'><strong>poscere</strong></span> <span class='ocrx_word' id='word_1_176' title='bbox 739 2564 797 2628; x_wconf 87' lang='lat' dir='ltr'><strong>bar</strong></span> <span class='ocrx_word' id='word_1_177' title='bbox 819 2585 872 2631; x_wconf 89' lang='lat' dir='ltr'><strong>am</strong></span> <span class='ocrx_word' id='word_1_178' title='bbox 1055 2575 1090 2627; x_wconf 75' lang='grc'><strong>30</strong></span> 
     </span>
    </p>
   </div>
   <div class='ocr_carea' id='block_1_17' title="bbox 22 2646 992 2816">
    <p class='ocr_par' dir='ltr' id='par_1_19' title="bbox 22 2646 992 2816">
     <span class='ocr_line' id='line_1_27' title="bbox 22 2646 942 2733; baseline 0.003 -23"><span class='ocrx_word' id='word_1_179' title='bbox 22 2646 24 2703; x_wconf 71' lang='grc' dir='ltr'>ἕ</span> <span class='ocrx_word' id='word_1_180' title='bbox 123 2647 232 2731; x_wconf 89' lang='lat' dir='ltr'><strong>Atque</strong></span> <span class='ocrx_word' id='word_1_181' title='bbox 254 2667 275 2711; x_wconf 94' lang='lat' dir='ltr'><strong>a</strong></span> <span class='ocrx_word' id='word_1_182' title='bbox 295 2646 442 2712; x_wconf 84' lang='lat' dir='ltr'><strong>Fabricio</strong></span> <span class='ocrx_word' id='word_1_183' title='bbox 463 2669 531 2713; x_wconf 92' lang='lat' dir='ltr'><strong>non</strong></span> <span class='ocrx_word' id='word_1_184' title='bbox 551 2651 676 2713; x_wconf 85' lang='lat' dir='ltr'><strong>tnetem</strong></span> <span class='ocrx_word' id='word_1_185' title='bbox 697 2651 796 2733; x_wconf 91' lang='lat' dir='ltr'><strong>ponte</strong></span> <span class='ocrx_word' id='word_1_186' title='bbox 818 2648 942 2714; x_wconf 83' lang='lat' dir='ltr'><strong>reverti.</strong></span> 
     </span>
     <span class='ocr_line' id='line_1_28' title="bbox 22 2730 992 2816; baseline 0.002 -21"><span class='ocrx_word' id='word_1_187' title='bbox 22 2740 23 2751; x_wconf 61' lang='lat'>¹</span> <span class='ocrx_word' id='word_1_188' title='bbox 123 2730 210 2796; x_wconf 89' lang='lat' dir='ltr'><strong>Nam</strong></span> <span class='ocrx_word' id='word_1_189' title='bbox 232 2730 315 2795; x_wconf 83' lang='lat' dir='ltr'><strong>male</strong></span> <span class='ocrx_word' id='word_1_190' title='bbox 334 2753 370 2796; x_wconf 88' lang='lat' dir='ltr'><strong>re</strong></span> <span class='ocrx_word' id='word_1_191' title='bbox 415 2733 483 2796; x_wconf 86' lang='lat' dir='ltr'><strong>esta</strong></span> <span class='ocrx_word' id='word_1_192' title='bbox 504 2752 576 2797; x_wconf 90' lang='lat' dir='ltr'><strong>cum</strong></span> <span class='ocrx_word' id='word_1_193' title='bbox 597 2733 713 2798; x_wconf 85' lang='lat' dir='ltr'><strong>vellem</strong></span> <span class='ocrx_word' id='word_1_194' title='bbox 733 2733 860 2797; x_wconf 84' lang='lat' dir='ltr'><strong>mittere</strong></span> <span class='ocrx_word' id='word_1_195' title='bbox 881 2735 992 2816; x_wconf 86' lang='lat' dir='ltr'><strong>operto</strong></span> 
     </span>
    </p>
   </div>
   <div class='ocr_carea' id='block_1_18' title="bbox 22 2813 1093 3302">
    <p class='ocr_par' dir='ltr' id='par_1_20' title="bbox 22 2813 1093 3302">
     <span class='ocr_line' id='line_1_29' title="bbox 22 2813 1027 2914; baseline 0.002 -35"><span class='ocrx_word' id='word_1_196' title='bbox 22 2816 23 2845; x_wconf 65' lang='lat'><em>³</em></span> <span class='ocrx_word' id='word_1_197' title='bbox 122 2813 177 2879; x_wconf 90' lang='lat' dir='ltr'><strong>Me</strong></span> <span class='ocrx_word' id='word_1_198' title='bbox 200 2815 304 2913; x_wconf 88' lang='lat' dir='ltr'><strong>capite</strong></span> <span class='ocrx_word' id='word_1_199' title='bbox 325 2816 361 2880; x_wconf 91' lang='lat' dir='ltr'><strong>in</strong></span> <span class='ocrx_word' id='word_1_200' title='bbox 389 2838 515 2913; x_wconf 53' lang='lat' dir='ltr'><strong>Qenr</strong></span> <span class='ocrx_word' id='word_1_201' title='bbox 538 2816 649 2881; x_wconf 82' lang='lat' dir='ltr'><strong>dexter</strong></span> <span class='ocrx_word' id='word_1_202' title='bbox 670 2817 760 2914; x_wconf 78' lang='lat' dir='ltr'><strong>stetit</strong></span> <span class='ocrx_word' id='word_1_203' title='bbox 780 2820 813 2880; x_wconf 90' lang='lat' dir='ltr'><strong>et</strong></span> <span class='ocrx_word' id='word_1_204' title='bbox 823 2823 920 2913; x_wconf 38' lang='lat' dir='ltr'><strong>&#39;‘cave</strong></span> <span class='ocrx_word' id='word_1_205' title='bbox 945 2815 1027 2881; x_wconf 84' lang='lat' dir='ltr'><strong>faxis</strong></span> 
     </span>
     <span class='ocr_line' id='line_1_30' title="bbox 124 2898 1028 2997; baseline 0.002 -35"><span class='ocrx_word' id='word_1_206' title='bbox 124 2898 170 2964; x_wconf 85' lang='lat' dir='ltr'><strong>&#39;Pe</strong></span> <span class='ocrx_word' id='word_1_207' title='bbox 193 2920 364 2984; x_wconf 76' lang='lat' dir='ltr'><strong>quicquam</strong></span> <span class='ocrx_word' id='word_1_208' title='bbox 385 2900 563 2986; x_wconf 78' lang='lat' dir='ltr'><strong>mdrgnum.</strong></span> <span class='ocrx_word' id='word_1_209' title='bbox 600 2900 719 2965; x_wconf 88' lang='lat' dir='ltr'><strong>Pudor&#39;</strong></span> <span class='ocrx_word' id='word_1_210' title='bbox 740 2903 847 2997; x_wconf 83' lang='lat' dir='ltr'><strong>mqurt</strong></span> <span class='ocrx_word' id='word_1_211' title='bbox 867 2902 911 2964; x_wconf 71' lang='lat' dir='ltr'><strong>‘te</strong></span> <span class='ocrx_word' id='word_1_212' title='bbox 925 2900 1028 2964; x_wconf 91' lang='lat' dir='ltr'><strong>malus</strong></span> 
     </span>
     <span class='ocr_line' id='line_1_31' title="bbox 22 2987 1093 3152; baseline -0.002 -20"><span class='ocrx_word' id='word_1_213' title='bbox 22 3046 24 3115; x_wconf 58' lang='lat' dir='ltr'><strong>l</strong></span> <span class='ocrx_word' id='word_1_214' title='bbox 122 3066 261 3132; x_wconf 87' lang='lat' dir='ltr'><strong>Insanos</strong></span> <span class='ocrx_word' id='word_1_215' title='bbox 284 3068 339 3152; x_wconf 92' lang='lat' dir='ltr'><strong>qui</strong></span> <span class='ocrx_word' id='word_1_216' title='bbox 360 3069 444 3133; x_wconf 77' lang='lat' dir='ltr'><strong>inter</strong></span> <span class='ocrx_word' id='word_1_217' title='bbox 465 3089 592 3133; x_wconf 84' lang='lat' dir='ltr'><strong>vereare</strong></span> <span class='ocrx_word' id='word_1_218' title='bbox 614 2987 887 3134; x_wconf 49' lang='lat' dir='ltr'><strong>insanudnldgdb’eri</strong></span> <span class='ocrx_word' id='word_1_219' title='bbox 1057 3077 1093 3130; x_wconf 75' lang='grc'><strong>40</strong></span> 
     </span>
     <span class='ocr_line' id='line_1_32' title="bbox 22 3150 1029 3302; baseline 0 -86"><span class='ocrx_word' id='word_1_220' title='bbox 22 3236 24 3269; x_wconf 62' lang='lat'>;</span> <span class='ocrx_word' id='word_1_221' title='bbox 122 3150 268 3216; x_wconf 88' lang='lat' dir='ltr'><strong>Primum</strong></span> <span class='ocrx_word' id='word_1_222' title='bbox 281 3172 358 3217; x_wconf 85' lang='lat' dir='ltr'><strong>nam</strong></span> <span class='ocrx_word' id='word_1_223' title='bbox 372 3153 546 3237; x_wconf 86' lang='lat' dir='ltr'><strong>inquiram,</strong></span> <span class='ocrx_word' id='word_1_224' title='bbox 562 3152 639 3237; x_wconf 90' lang='lat' dir='ltr'><strong>quid</strong></span> <span class='ocrx_word' id='word_1_225' title='bbox 653 3153 696 3218; x_wconf 86' lang='lat' dir='ltr'><strong>sit</strong></span> <span class='ocrx_word' id='word_1_226' title='bbox 709 3153 829 3302; x_wconf 54' lang='lat' dir='ltr'><strong>fuiqertq:</strong></span> <span class='ocrx_word' id='word_1_227' title='bbox 849 3151 911 3218; x_wconf 91' lang='lat' dir='ltr'><strong>hoc</strong></span> <span class='ocrx_word' id='word_1_228' title='bbox 925 3152 954 3217; x_wconf 90' lang='lat' dir='ltr'><strong>si</strong></span> <span class='ocrx_word' id='word_1_229' title='bbox 969 3151 1029 3217; x_wconf 86' lang='lat' dir='ltr'><strong>erit</strong></span> 
     </span>
    </p>
   </div>
   <div class='ocr_carea' id='block_1_19' title="bbox 22 3282 1120 3575">
    <p class='ocr_par' dir='ltr' id='par_1_21' title="bbox 22 3282 1120 3575">
     <span class='ocr_line' id='line_1_33' title="bbox 22 3282 955 3406; baseline -0.002 -20"><span class='ocrx_word' id='word_1_230' title='bbox 22 3282 24 3333; x_wconf 36' lang='grc' dir='ltr'><em>ζ</em></span> <span class='ocrx_word' id='word_1_231' title='bbox 124 3319 218 3404; x_wconf 91' lang='lat' dir='ltr'><strong>Solo,</strong></span> <span class='ocrx_word' id='word_1_232' title='bbox 240 3321 288 3386; x_wconf 93' lang='lat' dir='ltr'><strong>nil</strong></span> <span class='ocrx_word' id='word_1_233' title='bbox 309 3321 398 3386; x_wconf 85' lang='lat' dir='ltr'><strong>verbi</strong></span> <span class='ocrx_word' id='word_1_234' title='bbox 435 3342 546 3405; x_wconf 85' lang='lat' dir='ltr'><strong>pereas</strong></span> <span class='ocrx_word' id='word_1_235' title='bbox 569 3322 646 3406; x_wconf 90' lang='lat' dir='ltr'><strong>quin</strong></span> <span class='ocrx_word' id='word_1_236' title='bbox 667 3321 808 3403; x_wconf 86' lang='lat' dir='ltr'><strong>fortiter,</strong></span> <span class='ocrx_word' id='word_1_237' title='bbox 831 3319 955 3384; x_wconf 88' lang='lat' dir='ltr'><strong>addam.</strong></span> 
     </span>
     <span class='ocr_line' id='line_1_34' title="bbox 23 3369 1120 3500; baseline -0.004 -30"><span class='ocrx_word' id='word_1_238' title='bbox 23 3486 24 3489; x_wconf 8' lang='grc' dir='ltr'><strong>Ἴ</strong></span> <span class='ocrx_word' id='word_1_239' title='bbox 125 3403 229 3479; x_wconf 78' lang='lat' dir='ltr'><strong>Quem</strong></span> <span class='ocrx_word' id='word_1_240' title='bbox 243 3404 330 3470; x_wconf 87' lang='lat' dir='ltr'><strong>male</strong></span> <span class='ocrx_word' id='word_1_241' title='bbox 344 3369 481 3470; x_wconf 71' lang='lat' dir='ltr'><strong>suffitia</strong></span> <span class='ocrx_word' id='word_1_242' title='bbox 495 3408 529 3470; x_wconf 88' lang='lat' dir='ltr'><strong>et</strong></span> <span class='ocrx_word' id='word_1_243' title='bbox 550 3427 643 3489; x_wconf 86' lang='lat' dir='ltr'><strong>quem</strong></span> <span class='ocrx_word' id='word_1_244' title='bbox 658 3426 792 3488; x_wconf 86' lang='lat' dir='ltr'><strong>cumque</strong></span> <span class='ocrx_word' id='word_1_245' title='bbox 813 3403 941 3500; x_wconf 74' lang='lat' dir='ltr'><strong>inscitia</strong></span> <span class='ocrx_word' id='word_1_246' title='bbox 961 3403 1028 3468; x_wconf 85' lang='lat' dir='ltr'><strong>veri</strong></span> <span class='ocrx_word' id='word_1_247' title='bbox 1107 3426 1120 3493; x_wconf 47' lang='lat' dir='ltr'><em>s</em></span> 
     </span>
     <span class='ocr_line' id='line_1_35' title="bbox 23 3487 1028 3575; baseline -0.004 -22"><span class='ocrx_word' id='word_1_248' title='bbox 23 3508 24 3527; x_wconf 82' lang='lat'>³</span> <span class='ocrx_word' id='word_1_249' title='bbox 125 3487 264 3555; x_wconf 85' lang='lat' dir='ltr'><strong>Caecum</strong></span> <span class='ocrx_word' id='word_1_250' title='bbox 280 3490 363 3575; x_wconf 79' lang='lat' dir='ltr'><strong>agit,</strong></span> <span class='ocrx_word' id='word_1_251' title='bbox 379 3489 528 3554; x_wconf 89' lang='lat' dir='ltr'><strong>insanum</strong></span> <span class='ocrx_word' id='word_1_252' title='bbox 561 3488 733 3573; x_wconf 75' lang='lat' dir='ltr'><strong>Chrysippi</strong></span> <span class='ocrx_word' id='word_1_253' title='bbox 746 3490 888 3573; x_wconf 70' lang='lat' dir='ltr'><strong>porticus</strong></span> <span class='ocrx_word' id='word_1_254' title='bbox 903 3490 936 3552; x_wconf 89' lang='lat' dir='ltr'><strong>et</strong></span> <span class='ocrx_word' id='word_1_255' title='bbox 949 3507 1028 3572; x_wconf 80' lang='lat' dir='ltr'><strong>grex</strong></span> 
     </span>
    </p>
   </div>
   <div class='ocr_carea' id='block_1_20' title="bbox 176 3589 934 3640">
    <p class='ocr_par' dir='ltr' id='par_1_22' title="bbox 176 3589 934 3640">
     <span class='ocr_line' id='line_1_36' title="bbox 176 3589 934 3640; baseline 0.011 -8"><span class='ocrx_word' id='word_1_256' title='bbox 176 3589 306 3633; x_wconf 67' lang='lat' dir='ltr'><strong>Kourna</strong></span> <span class='ocrx_word' id='word_1_257' title='bbox 902 3593 934 3640; x_wconf 88' lang='lat'><strong>11</strong></span> 
     </span>
    </p>
   </div>
   <div class='ocr_carea' id='block_1_21' title="bbox 0 0 1310 4028">
    <p class='ocr_par' dir='ltr' id='par_1_23' title="bbox 0 0 1310 4028">
     <span class='ocr_line' id='line_1_37' title="bbox 0 0 1310 4028; baseline 0 0"><span class='ocrx_word' id='word_1_258' title='bbox 0 0 1310 4028; x_wconf 95' lang='lat' dir='ltr'><strong> </strong></span> 
     </span>
    </p>
   </div>
  </div>
 </body>
</html>
