2610 4028
163 232 224 298 126
540 235 750 293 smmum
1091 238 1128 313 [ι.

225 401 279 467 Sio
300 401 427 467 solitus:
456 408 510 484 ‘po
532 399 604 465 ulus
626 420 677 464 me
706 400 828 482 sibilat,
851 403 885 464 at
905 399 985 465 mihi
1005 399 1128 484 plaudo

224 485 241 549 I
264 507 298 550 se
313 484 413 569 domi,
434 423 532 550 simul
544 506 581 549 ao
594 505 742 549 nummos
758 485 956 568 contemplor
974 485 1009 550 in
1026 490 1126 551 area?

252 569 377 635 antalus
399 591 419 634 a
440 569 537 633 labris
560 568 669 633 sitiens
690 568 848 653 fugientia
869 571 976 652 captat

223 652 380 719 Flumine.
424 652 508 729 Quid
527 652 634 718 rides?
661 651 787 717 Mutato
807 653 937 719 nomine
959 653 998 718 de
1017 655 1051 718 te

176 749 209 799 πο
222 738 344 803 Fabula
363 741 526 802 narratur:
548 737 709 822 congestis
730 737 870 821 undique
891 738 991 802 saoois

223 822 382 887 lndormis
404 822 531 886 inhians
553 825 586 886 et
606 825 768 906 tamquam
788 842 918 906 parcere
940 822 1037 887 saeris

224 906 357 992 Cogeris
379 910 435 971 aut
454 906 549 990 pictis
569 909 732 991 tamquam
752 905 890 991 gaudere
915 906 1051 971 tabellis.

223 991 336 1056 Nesois
350 1011 414 1075 quo
428 990 533 1055 valeat
545 990 716 1055 nummus?
730 1012 825 1075 quem
840 989 991 1074 praebeat
1004 989 1123 1055 usum?

223 1075 320 1140 Panis
342 1077 478 1158 ematur,
501 1074 571 1139 olus
608 1074 675 1139 vini
697 1075 867 1159 sextarius,
889 1074 983 1159 adde,

172 1172 207 1222 tt
223 1159 301 1235 Quis
322 1159 462 1223 humana
484 1158 545 1223 sibi
567 1123 674 1223 ‹loleat
693 1162 807 1223 natura
827 1160 963 1245 negatis.

223 1245 278 1308 An
322 1244 329 1257 ‘
357 1243 432 1308 ‘are
452 1246 541 1308 metu
563 1244 755 1327 exanimem,
776 1247 949 1329 noctesque
971 1242 1102 1328 diesque

222 1327 331 1394 Formi
353 1349 407 1392 are
427 1328 529 1393 malos
550 1327 650 1411 fures,
672 1327 835 1410 incendia,
858 1348 980 1410 servos,

222 1412 274 1477 Ne
294 1416 327 1477 te
348 1412 513 1496 conpilent
533 1411 707 1497 fugientes,
729 1411 792 1509 hoo
812 1410 922 1477 iuvat?
943 1410 1068 1477 Horum
1182 1432 1186 1437 ’
1230 1446 1236 1455 ·

223 1496 352 1581 Semper
372 1518 433 1582 ego
455 1496 592 1594 optarim
612 1518 831 1580 pauperrimus
858 1517 927 1563 esse
952 1497 1122 1562 bonorum.

175 1594 210 1644 80
223 1583 270 1646 At
290 1581 318 1646 si
340 1580 505 1645 condolurt
524 1584 716 1664 temptatum
737 1581 857 1666 frigore
878 1602 994 1666 eorpus

222 1667 291 1731 Aut
311 1665 392 1729 alius
414 1685 506 1729 oasus
527 1665 611 1731 leuto
632 1669 665 1730 te
686 1665 809 1748 adfixit,
831 1664 929 1730 hebes
950 1665 1005 1750 qui

222 1749 391 1832 Adsideat,
412 1749 556 1815 fomenta
575 1752 680 1833 paret,
701 1749 859 1815 medicum
879 1753 987 1835 roget,
1009 1751 1046 1813 ut
1065 1752 1116 1814 te.

223 1832 361 1898 Suscitet
382 1853 419 1897 ae
440 1832 552 1898 reddat
571 1834 677 1918 gnatis
700 1834 843 1918 carisque
867 1833 1077 1919 propinquis?

222 1917 299 1982 Non
319 1938 399 1982 uxor
421 1917 543 1982 salvum
563 1920 596 1985 te
617 1919 700 2002 volt,
722 1939 791 1983 non
811 1918 911 2002 filius3
933 1938 1044 1982 omnes

172 2014 207 2064 85
220 2000 328 2067 Vicini
350 2001 499 2084 oderunt,
521 2002 605 2086 noti,
626 2003 717 2086 pueri
738 2006 832 2087 atque
853 2003 986 2087 puellae.

222 2084 366 2169 Miraris,
389 2106 461 2150 oum
481 2089 518 2150 tu
539 2089 673 2172 argento
694 2091 770 2171 post
791 2087 898 2151 omnia
918 2106 1034 2171 ponas,

223 2168 257 2234 Si
277 2191 372 2235 nemo
393 2173 547 2255 praestet,
590 2192 662 2236 uem
681 2192 749 2235 non
769 2171 934 2254 merearis,
956 2170 1121 2235 amorem?

221 2255 268 2318 At
289 2255 316 2319 si
338 2259 509 2352 cognatos,
530 2278 553 2320 n
588 2256 620 2319 lo
640 2258 755 2320 natura
775 2255 883 2320 labore
1017 2319 1020 2322 ⁴

223 2338 309 2413 Quos
329 2339 390 2403 tibi
412 2339 482 2422 dat,
504 2340 640 2404 retinere
654 2340 733 2405 velis
756 2361 941 2425 servareque
963 2339 1099 2423 amieos,

172 2435 206 2485 90
220 2420 337 2487 Infelix
359 2443 489 2507 operam
509 2423 638 2507 perdas:
660 2428 697 2489 ut
718 2425 816 2508 siquis
839 2425 972 2489 asellum

221 2506 261 2570 ln
283 2528 395 2592 eampo
417 2507 530 2572 doceat
549 2512 714 2591 parentem
736 2530 860 2574 currere
881 2509 992 2574 frenis.
1092 2512 1096 2518 '

220 2590 366 2674 Denique
381 2591 423 2654 sit
436 2591 509 2654 finis
531 2593 717 2677 quaerendi,
738 2614 872 2677 eumque
893 2593 1012 2659 habeas
1031 2591 1122 2676 plus,

220 2673 407 2758 Pauperieru
428 2678 550 2740 metuas
572 2678 677 2741 minus
700 2681 733 2742 et
751 2679 844 2742 finire
865 2676 1006 2743 laborem

220 2758 373 2843 Incipias,
395 2763 488 2844 parto
509 2761 595 2844 quod
617 2761 745 2845 avebss,
767 2783 808 2826 ne
830 2762 928 2826 facias
949 2761 1033 2846 quod

169 2854 203 2904 95
217 2841 398 2908 meidius
421 2845 563 2930 quidam,
585 2865 653 2910 non
673 2847 804 2931 longasi
823 2846 945 2910 fabrile:
968 2845 1070 2928 dives,

219 2926 266 2991 Vt
285 2927 450 2993 metiretur
470 2951 634 3013 nummos,
656 2930 703 2994 ita
724 2929 885 3013 sordidus,
907 2934 944 2994 ut
965 2951 999 2993 se

219 3010 296 3076 Non
316 3033 466 3095 umquam
488 3035 578 3078 servo
600 3013 713 3079 melius
734 3014 878 3097 vestiret,
901 3013 941 3077 ad
961 3033 1063 3096 usque

169 3125 173 3131 >
219 3093 409 3178 Supremum
428 3101 569 3182 tempus,
591 3119 632 3162 ne
653 3120 688 3164 se
709 3099 844 3182 penuria
863 3098 966 3162 'vietus

219 3178 435 3264 Opprimeret,
457 3182 626 3247 metuebat.
671 3184 717 3247 At
737 3181 822 3248 huno
843 3183 959 3249 liberta
981 3180 1083 3245 securi

157 3275 205 3324 100
219 3262 337 3328 Divisit
357 3265 511 3350 medium,
533 3266 708 3331 fortissima
729 3266 990 3350 'lpndaridanum
1097 3300 1100 3303 ·

219 3345 313 3422 ‘Quid
324 3349 369 3412 mi
382 3349 482 3433 igitur
497 3349 631 3414 suades?
653 3349 699 3416 Vt
708 3351 815 3416 vivam
825 3351 980 3434 Maenius,
995 3350 1052 3414 eut
1062 3349 1120 3429 sie,

216 3429 263 3494 Vt
282 3431 539 3497 Nomentanusl’
572 3432 684 3518 Pergis
705 3437 883 3520 pugnantia
904 3456 1012 3500 seeum

216 3512 388 3579 Frontibus
410 3516 549 3581 adversis
570 3536 776 3601 componere:
800 3540 868 3585 non
890 3540 964 3604 ego,
987 3538 1122 3583 avarum
