2610 4028
182 214 246 298 152
554 238 767 294 1111111111
1099 241 1152 314 [x

244 399 334 465 Dura
354 400 415 466 tibi
459 401 619 488 eragenda
639 402 685 466 rei
707 403 750 467 sit
770 422 866 467 causa
886 402 1015 468 Petilli?

245 482 375 549 Scilicet
395 422 512 551 obhtos
533 486 718 570 patriaeque
739 487 901 570 patrisque
922 486 1043 569 Latini,

246 565 327 633 Cum
348 568 464 635 Pedius
487 591 599 635 causas
621 569 753 634 exsudet
772 569 938 655 Poplicola
959 576 1052 654 atque

246 653 417 736 Corvinus,
438 654 551 738 patriis
572 655 789 718 intermiscere
809 655 911 738 petita

93 800 97 807 .
181 751 216 800 ³0
247 736 355 802 Verba
374 737 454 803 foris
475 739 584 822 malis,
599 737 753 805 Canusini
773 760 862 804 more
883 737 1057 823 bilinguis?

244 822 351 906 Atque
363 844 424 908 ego
436 843 509 888 cum
519 822 658 888 Graecos
669 822 822 906 facerem,
837 826 933 888 natus
947 844 1034 887 mare
1046 822 1151 906 citra,

244 904 443 990 Versiculos,
465 907 569 972 vetuit
588 928 640 973 me
660 906 718 971 tali
739 928 817 972 voce
839 905 1004 990 Quirinus,

243 989 324 1055 Post
343 991 482 1055 mediam
501 994 630 1056 noctem
651 991 752 1075 visus,
779 1012 852 1056 cum
873 991 998 1056 somnia
1017 1011 1108 1055 vera:
1208 1062 1213 1066 ἢ

245 1074 297 1139 ‘In
318 1075 431 1140 silvam
452 1096 519 1140 non
540 1075 631 1160 ligna
650 1075 735 1141 feras
756 1076 915 1159 insanius,
936 1097 974 1140 ac
996 1075 1024 1139 si

179 1172 213 1221 11
245 1158 382 1244 Magnas
403 1158 598 1224 Graecorum
618 1160 713 1224 malis
734 1160 856 1245 inplere
878 1163 1043 1225 catervas?

244 1242 403 1327 Turgidus
417 1243 555 1327 Alpinus
576 1245 701 1330 iugulat
722 1244 798 1309 dum
812 1244 985 1309 Memnona
1005 1243 1149 1327 dumque

243 1325 388 1412 Defingit
407 1326 512 1392 Rheni
533 1328 654 1401 luteum
676 1332 786 1413 caput,
809 1327 888 1393 haec
909 1349 970 1413 ego
990 1327 1082 1410 ludo,
1134 1401 1141 1411 ‚

168 1424 172 1429 ’
244 1410 332 1487 Quae
346 1433 449 1495 neque
463 1412 498 1476 in
512 1412 590 1478 aede
605 1416 721 1478 sonent
734 1413 890 1476 certantia
904 1412 1008 1477 iudice
1021 1410 1149 1495 Tarpa,

243 1493 312 1561 Neo
319 1495 451 1560 redeant
460 1496 575 1560 iterum
585 1501 680 1581 atque
693 1497 809 1561 iterum
818 1496 991 1582 spectanda
997 1494 1147 1560 theatris.

179 1593 213 1640 ⁴0
243 1580 668 1728 Ar

243 1745 335 1811 Vnus
356 1748 515 1831 vivorum,
538 1685 817 1835 Fundamzwllhrlio
838 1770 951 1833 regum

243 1831 1122 1918 111111111111111111111111ς11111111111111,
1217 1860 1221 1865 >
1297 1842 1298 1915 J

243 1914 289 1978 Vt
308 1936 419 2000 nemo,
474 1916 559 1980 arius
581 1917 682 2001 ducit3
704 1917 802 1981 molle
822 1919 919 2000 atque
940 1917 1078 1980 facetum

179 2011 215 2061 41
247 1997 392 2084 Vergilio
414 2000 593 2065 adnuenmt
612 2002 788 2086 gaudentes
809 2022 883 2066 rure
905 1998 1075 2066 Camenae

241 2081 315 2147 Hoc
336 2087 421 2168 erat,
443 2087 572 2169 experto
594 2085 714 2149 trustra
734 2083 880 2150 Varrone
900 2084 1037 2149 Atacino
1083 2122 1086 2127 -

239 2168 347 2252 Atque
386 2168 575 2252 quibusdam
613 2170 683 2234 aliis
687 2218 698 2253 ,
736 2168 849 2234 melius
888 2167 974 2252 quod
1005 2167 1150 2232 scrihere

809 2274 929 2335 ossem,

242 2335 414 2402 Inventore
435 2338 554 2403 minor·
576 2359 680 2422 neque
743 2358 762 2402 ο
824 2339 830 2351 ’
853 2336 1018 2401 detrahere
1039 2336 1147 2400 ausim

242 2420 436 2486 Haerentem
458 2389 556 2505 capiti
578 2442 651 2486 oum
671 2444 705 2485 m
738 2420 886 2486 11111111
908 2441 1068 2485 coronam,

178 2516 213 2565 1ο
244 2505 290 2568 Α1
311 2505 377 2569 dixi
397 2505 494 2569 fluere
515 2504 601 2570 huno
623 2506 829 2589 lutulentum,
851 2526 945 2588 saepe
966 2505 1123 2569 ferentem

243 2587 340 2652 Plura
357 2587 484 2670 quidem
499 2589 643 2655 tollenda
660 2589 887 2673 relinquendis.
915 2589 988 2674 Age
1013 2607 1147 2670 quaeso,

242 2671 292 2735 'Iti
313 2671 395 2736 nihil
420 2673 457 2735 in
476 2694 595 2757 magno
617 2674 729 2738 doctus
751 2673 956 2770 reprehendis
976 2636 1149 2736 homero?

241 2754 300 2821 Nil
322 2757 422 2820 comis
443 2757 558 2842 tragici
578 2761 682 2822 mutat
701 2756 842 2821 Lucilius
863 2757 950 2839 Atti,

241 2838 319 2905 Non
339 2841 423 2905 ridet
443 2862 552 2905 versus
573 2841 662 2906 Enni
682 2842 839 2926 gravitate
860 2841 1014 2922 minores,

177 2937 211 2986 15
245 2923 327 2989 Cum
349 2925 387 2988 de
410 2946 444 2989 se
465 2925 606 3009 loquitur
626 2947 694 2990 non
717 2927 755 2989 ut
775 2925 896 2989 maiore
915 2922 1101 3008 repressis?

240 3007 325 3084 Quid
346 3011 434 3072 vetat
454 3011 487 3073 11
507 3013 635 3074 nosmet
654 3008 758 3074 Lucili
780 3009 899 3093 scripta
919 3008 1064 3093 legentes

242 3090 414 3175 Quaerere,
436 3114 515 3157 num
535 3093 636 3176 illius,
657 3115 736 3159 num
755 3114 861 3158 rerum
882 3093 962 3156 dura
981 3092 1112 3176 negarit

240 3174 424 3240 Versiculos
446 3180 561 3240 natura
580 3200 614 3241 m
659 3178 666 3191 ’
704 3177 808 3242 factos
831 3179 863 3241 et
882 3178 994 3240 euntes

242 3258 389 3345 Mollius‚
411 3281 449 3324 ac
464 3261 564 3343 siquis
585 3283 607 3344 p
651 3261 719 3325 ‘bus
741 3260 818 3345 quid
835 3259 983 3325 claudere
1003 3258 1106 3339 senis,

178 3355 212 3404 1ο
243 3342 315 3407 Η11
336 3346 463 3408 tantum
485 3348 653 3408 contentus
659 3393 669 3427 ,
698 3353 783 3410 amet
803 3345 968 3428 scripsisse
987 3341 1149 3406 ducentos

191 3505 194 3510 ¹
242 3426 329 3491 Ante
351 3427 458 3491 cibum
479 3448 605 3510 versus,
627 3428 761 3493 totidem
784 3435 931 3493 cenatus:
966 3425 1097 3490 Etrusci

243 3507 343 3584 Quale
364 3510 427 3574 fuit
449 3511 539 3576 (lassi
560 3510 671 3595 rapido
693 3512 867 3577 ferventius
889 3511 977 3577 amni
