2558 4022
212 245 273 312 190
566 248 823 306 sersuvmavu
1126 246 1176 318 [11.

272 412 384 499 Fingit
404 433 520 496 equum
540 414 650 476 tenera
671 411 807 476 docilem
828 411 950 475 cervice
972 409 1126 497 magister

208 509 242 560 65
272 496 323 562 Ire
344 497 428 561 viam
449 517 513 580 qua
532 499 691 561 monstret
711 516 821 579 eques3
846 495 1026 577 venaticus,
1048 515 1087 559 cx
1108 515 1173 578 quo

271 580 427 664 Tempore
449 579 608 646 cervinam
629 579 746 664 pellem
767 578 896 643 latravit
916 578 952 642 in
974 579 1063 662 aula,

271 664 392 729 Militat
411 664 447 729 in
467 664 556 729 silvis
578 664 708 728 catulus.
744 662 840 729 Nunc
861 662 976 726 adbibe
996 683 1078 747 puro

271 748 404 814 Pectore
425 748 536 830 verba,
556 769 650 845 puer,
671 768 759 812 nunc
779 751 812 813 te
832 746 1019 812 melioribus
1040 745 1130 811 offer.

271 832 342 910 Quo
364 833 462 898 semel
484 835 534 897 est
553 832 676 897 imbuta
696 853 807 897 recens
829 830 967 896 servabit
988 829 1119 895 odorem

83 988 87 999 ⁸
208 929 242 981 το
274 916 371 983 Testa
392 917 456 982 diu.
493 916 614 992 Quodsi
635 937 740 981 cessas
762 919 817 980 aut
837 918 985 980 strenuus
1007 914 1107 996 antis,

270 1001 341 1069 Nec
360 1001 487 1066 tardum
508 1000 657 1085 opperior
677 1022 736 1067 nec
757 997 1019 1084 praecedentibus
1040 997 1138 1064 insto.

611 1205 764 1217 Μ

653 1373 717 1448 ΠΙ.

269 1504 332 1571 Iuli
354 1504 463 1588 Flore,
486 1505 599 1589 quibus
621 1509 777 1570 terrarum
798 1504 916 1570 militet
936 1504 1001 1569 oris

270 1590 421 1656 Claudius
442 1589 580 1674 Augusti
600 1589 781 1675 privignus,
803 1590 884 1654 scire
905 1589 1025 1653 laboro.

146 1706 149 1711 ·
269 1673 433 1738 Thracane
454 1693 512 1738 vos
530 1671 717 1757 Hebrusque
738 1673 838 1737 nivali
859 1672 1010 1756 compede
1031 1671 1167 1754 vinctus,

271 1758 323 1822 An
343 1757 425 1822 frete
445 1756 565 1821 vicinas
586 1757 671 1821 inter
691 1758 850 1822 currentia
869 1759 988 1839 turres,

219 1853 236 1903 c
271 1841 325 1905 An
346 1841 482 1925 pingues
503 1840 600 1904 Asiae
622 1842 728 1925 campi
748 1841 907 1924 collesque
927 1840 1114 1905 morantur?

268 1922 353 2000 Quid
374 1923 516 1989 studiosa
537 1923 651 1990 cohors
666 1946 799 2009 operum
820 1925 937 1990 struit?
958 1924 1020 1989 hoc
1042 1945 1165 2009 quoquc
1270 1998 1271 2005 χ

810 2030 896 2075 curo.

268 2090 347 2168 Quis
369 2092 431 2157 sibi
450 2114 502 2159 res
523 2096 629 2180 gestas
652 2093 791 2178 Augusti
812 2094 950 2158 scribere
971 2091 1090 2157 sumit?
1268 2132 1269 2163 r

265 2173 358 2240 Bella
400 2177 449 2242 uis
470 2180 504 2242 et
524 2199 618 2262 paces
646 2178 778 2263 longum
799 2177 950 2243 diffundit
975 2176 1011 2240 in
1031 2174 1165 2240 aevum?
1267 2226 1268 2251 p

267 2257 351 2335 Quid
403 2261 475 2326 ‘tius
495 2261 643 2326 Romana
663 2262 752 2327 brevi
770 2265 924 2328 venturus
945 2261 981 2325 in
1002 2259 1080 2324 cra?
1266 2300 1267 2325 1

204 2356 237 2406 ιο
267 2342 430 2410 Pindarici
449 2346 550 2410 fontis
571 2347 626 2429 qui
646 2366 715 2410 non
736 2346 890 2431 expalluit
909 2345 1042 2410 haustus
1047 2394 1057 2428 ‚

265 2427 423 2493 Fastidire
443 2430 532 2495 lacus
554 2432 587 2494 et
606 2430 692 2494 rivos
714 2450 809 2496 ausus
831 2452 851 2494 a
873 2433 968 2495 ertos.
1261 2425 1265 2509 f

265 2510 311 2576 Vt
331 2512 437 2577 valet?
459 2517 496 2577 ut
515 2514 662 2578 meminit
681 2513 808 2579 nostri?
876 2514 1020 2579 ‘dibusne
1040 2511 1165 2577 Latinis

265 2593 434 2660 Thebanos
456 2600 564 2681 aptare
585 2597 697 2663 modos
719 2598 825 2663 studet
845 2598 974 2683 auspice
993 2596 1102 2679 Musa,

265 2680 320 2744 An
341 2680 465 2765 tragim
486 2681 626 2747 desaevit
647 2686 680 2747 et
700 2683 894 2767 ampullatur
914 2683 950 2747 in
971 2681 1061 2746 arte?

202 2777 234 2826 15
268 2763 351 2839 Quid
385 2763 466 2830 milri
501 2764 613 2832 Celsus
654 2766 745 2852 agi?
788 2767 948 2915 monitusd
965 2764 1165 2850 multumque

808 2872 926 2916 monen
948 2872 986 2914 us

264 2932 409 2999 Privatos
430 2937 468 2999 ut
489 2938 621 3019 quaerat
641 2956 718 3019 opes
740 2937 773 3000 et
793 2937 926 3021 tangere
946 2899 1027 2999 visis

265 3015 404 3101 Scripta,
426 3018 592 3084 Palatinus
614 3040 828 3104 quaecumque
849 3018 971 3102 recepit
991 3017 1113 3102 Apollo
1118 3066 1128 3099 ,

263 3098 329 3183 Ne,
351 3101 379 3165 si
399 3100 483 3167 forte
505 3124 577 3167 suas
598 3103 768 3187 repetitum]
789 3104 913 3167 venerit
933 3102 1011 3166 olim
1246 3120 1247 3123 ’

265 3182 350 3248 Grex
370 3185 476 3253 avium
496 3187 635 3270 plumas,
657 3189 784 3252 moveat
805 3186 966 3252 cornicula
985 3185 1087 3249 risum

199 3278 233 3329 20
263 3266 402 3333 Furtivis
424 3269 543 3334 nudata
564 3270 732 3334 coloribus.
772 3270 845 3353 Ipse
889 3269 944 3334 uid
966 3267 1087 3334 audes?

263 3350 351 3426 Quae
363 3352 626 3419 circumvolitasa
652 3354 659 3368 '
676 3354 700 3418 's
710 3353 845 3437 thyma?
901 3375 945 3419 on
953 3353 1015 3417 libi
1028 3373 1163 3436 parvum

261 3433 447 3520 Ingenium,
469 3458 536 3501 non
556 3438 609 3500 inc
642 3440 743 3502 tumst
764 3441 797 3502 et
816 3438 953 3521 turpiter
973 3435 1109 3501 hirtum:
1228 3498 1232 3507 .

262 3515 326 3583 Seu
347 3519 490 3605 linguam
512 3521 614 3585 causis
636 3522 722 3586 acuis
745 3543 801 3586 seu
823 3522 923 3587 civica
943 3521 1014 3587 iura
