2558 4022
158 214 248 304 ,224
542 216 799 274 nrrsrmnsvn
995 153 1000 157 ⁵
1103 216 1151 290 [u.
1263 270 1264 275 r

248 383 293 449 Et
313 381 403 447 Laris
426 383 459 446 et
478 380 570 446 fundi
591 382 760 530 pgppertas
781 379 899 463 inpulit
920 378 1023 443 audax
1029 356 1057 463 ,⁵

248 467 294 532 Vt
307 487 416 531 versus
429 465 576 530 facerem.

249 551 337 628 Quae
381 553 510 615 oterunt
529 571 680 632 umquam
694 549 771 614 satis
793 568 969 633 expurgare
992 548 1129 631 cicutae,
1264 542 1267 601 l

249 635 294 701 Ni
314 657 366 700 me
381 635 429 699 'us
450 633 588 699 dormire
608 636 719 718 putem
740 654 837 716 quam
858 632 997 697 seribere
1018 632 1150 698 versus?

185 732 220 783 ts
249 718 383 806 Singula
404 719 443 784 de
464 717 558 783 nobis
580 718 658 782 anni
677 718 869 801 praedantur
890 720 1019 782 euntes:

249 804 404 890 Eripuere
425 803 514 868 iocos
520 851 531 886 ,
551 823 699 867 venerem
705 851 715 885 ,
737 801 897 885 convivia,
919 801 1044 887 ludum;

249 888 400 954 Tendunt
421 890 607 971 extorquere
627 888 792 970 poemataz
804 885 890 983 'quid
911 885 1030 950 fariam
1051 885 1122 949 vis‘?

249 972 397 1070 Denique
416 993 484 1037 non
504 991 615 1036 omnes
635 969 746 1035 eadem
766 972 924 1034 muantur
944 972 1131 1054 amantquer
1265 968 1267 983 ¹

1267 1068 1268 1091 t

252 1056 402 1123 Oarmrne
422 1059 459 1120 tu
480 1054 615 1141 gaudes,
637 1054 691 1119 hie
713 1054 888 1119 delectatur
909 1053 1039 1138 iambis,

187 1156 223 1205 60
250 1141 310 1206 Ille
330 1140 461 1205 Bioneis
483 1138 683 1205 sermonibus
705 1143 738 1204 et
758 1138 826 1203 sale
845 1139 949 1224 nigro.

251 1225 329 1293 Tres
350 1224 431 1289 mihi
451 1223 604 1290 convivae
625 1244 725 1308 prope
746 1221 915 1288 dissentire
935 1221 1099 1305 videntur,
1158 1219 1161 1223 ’

251 1310 424 1375 Poseeutes
445 1309 534 1373 vario
555 1307 693 1373 multum
715 1307 840 1373 diversa
860 1308 977 1392 palato.

253 1393 337 1471 Quid
358 1391 452 1460 dem?
476 1391 552 1477 quid
564 1413 632 1457 non
646 1390 742 1457 dem?
763 1392 871 1541 renlutps
892 1395 943 1475 tu,
965 1391 1050 1476 quod
1065 1391 1154 1457 iubet

796 1498 815 1541 a
861 1498 890 1540 r·
1021 1500 1025 1511 ¹

254 1562 346 1640 Quod
360 1562 453 1648 petis,
475 1560 507 1626 id
530 1563 637 1626 sanest
656 1560 795 1626 invisum
810 1527 997 1644 andiumque
1015 1560 1150 1625 duobus.

189 1661 223 1711 65
251 1647 383 1713 Praeter
404 1650 510 1712 cetera
529 1666 581 1710 me
601 1645 765 1711 Romaene
785 1647 934 1729 poemate
955 1666 1065 1710 censes

254 1731 397 1796 Scribere
418 1751 513 1814 posse
533 1730 618 1795 inter
638 1733 689 1795 tot
709 1751 801 1796 ouras
822 1732 932 1814 totque
953 1728 1102 1794 labores?

109 1829 112 1834 '
252 1815 316 1883 Hie
337 1837 352 1878 s
376 1835 490 1879 onsum
510 1817 617 1897 vocat,
644 1813 698 1879 hie
725 1813 867 1878 auditum
893 1814 1013 1898 scripta
1033 1813 1153 1877 relictis

254 1837 410 1965 Omnlus
432 1898 561 1984 offleiis3
584 1899 682 1995 cubat
701 1897 755 1964 hie
776 1898 811 1961 in
833 1897 914 1964 ealle
936 1896 1075 1981 (dunfini,

253 1983 316 2048 Hie
338 1985 478 2048 extremo
500 1984 535 2048 in
555 1984 733 2067 Aventmo,
755 1982 904 2048 visendus
925 1985 1072 2066 uterque:

190 2080 224 2132 το
252 2067 425 2133 Intervalla
445 2066 533 2133 vides
555 2066 695 2132 humane
716 2065 892 2132 commoda.
937 2065 1070 2132 ‘Verum

253 2151 356 2218 Purae
378 2154 454 2217 sunt
472 2152 614 2250 plateae,
636 2150 718 2216 nihil
731 2154 768 2216 ut
781 2150 1009 2216 meditantibus
1024 2150 1154 2216 obstet'

253 2236 398 2302 Festinat
419 2235 540 2302 ualidus
561 2235 657 2301 mulis
678 2236 858 2322 gerulisque
878 2234 1076 2320 redemptor,

253 2320 395 2407 Torquet
426 2342 513 2388 nune
549 2318 705 2404 lapidem,
736 2340 824 2418 nune
854 2320 971 2405 ingens
1007 2319 1156 2385 maehina

870 2426 925 2468 um

254 2489 375 2555 suess
395 2489 536 2555 mausus
557 2489 720 2555 lucanas
739 2425 1039 2572 assipitti-2,
1074 2528 1079 2544 ,
1129 2542 1133 2555 ς

191 2586 224 2637 ‘15
252 2573 324 2639 Hae
343 2573 473 2638 rabiosa
496 2573 582 2658 fugit
602 2573 707 2657 cunis,
735 2572 796 2637 hae
817 2573 975 2638 lutulenta
1000 2574 1064 2637 ruit
1085 2593 1156 2639 sus:

255 2657 272 2723 I
293 2678 379 2723 nune
402 2660 435 2721 et
454 2678 563 2724 versus
585 2660 691 2723 teeum
712 2657 865 2723 meditere
886 2679 1031 2723 canoros.

255 2742 453 2828 Scriptorum
480 2741 595 2808 chorus
622 2741 726 2808 omnis
761 2744 986 2891 amatbenemus
1007 2743 1041 2806 et
1072 2741 1158 2827 fugit

799 2849 837 2890 ur
878 2848 893 2891 s

255 2911 330 2976 Rite
352 2911 452 2977 eliens
473 2908 592 2975 Baeehi
614 2930 726 2977 somno
748 2875 917 2996 gaudentis
939 2912 972 2976 et
992 2908 1120 2974 umbra:

255 2995 304 3059 Tu
326 3015 377 3061 me
398 2995 483 3058 inter
505 2995 654 3079 strepitus
676 2998 851 3061 nocturnos
873 2998 968 3094 atque
990 2994 1122 3058 diurnos

192 3092 226 3144 80
253 3078 313 3144 Vis
335 3098 447 3143 canere
469 3081 502 3143 et
522 3082 685 3144 eontraeta
706 3081 795 3163 sequi
816 3080 953 3165 vestigia
973 3077 1104 3143 vatum?

256 3162 441 3248 Ingenium,
464 3162 525 3228 sibi
546 3162 631 3248 quod
652 3184 767 3228 vacuas
789 3163 945 3228 desumsit
964 3161 1109 3228 Athenas

256 3247 301 3312 Et
322 3247 433 3311 studiis
456 3268 557 3313 annos
579 3250 702 3331 septem
724 3247 811 3313 dedit
831 3248 1034 3332 insenuitque

256 3331 361 3396 Libris
382 3334 416 3396 et
436 3331 533 3414 euris,
560 3334 666 3396 statue
686 3332 874 3397 tseitornius
897 3333 964 3398 exit

255 3416 445 3499 Plerumque
460 3418 493 3481 et
506 3415 572 3480 risu
592 3416 747 3499 populum
762 3417 880 3501 quatitz
900 3416 954 3482 hie
969 3438 986 3480 e
1010 3436 1028 3479 o
1049 3436 1162 3481 rerum

192 3512 226 3564 st
255 3499 419 3566 Fluctibus
440 3499 476 3564 in
496 3497 609 3564 mediis
632 3503 664 3564 et
684 3500 927 3585 tempestatibus
949 3438 1037 3566 urSis

687 464 772 548 quod
786 484 852 528 non
875 464 958 529 desit
978 462 1152 529 habentem
1264 456 1266 471 '

1137 3846 1270 3991 nm*
