2570 4022
502 208 717 269 PRAEFATIO.
1018 212 1092 268 XLV

126 373 257 432 suaseris
273 380 309 431 ut
324 380 400 451 puta
415 390 487 431 acer
501 371 597 430 hostis
612 371 732 449 Bupalo
748 379 780 431 ot
794 373 982 451 praesertim,
1001 390 1092 450 quern

126 457 206 515 omni
229 456 402 516 imitatione
423 456 547 535 premit,
571 474 700 534 magnus
721 454 887 516 Auruncae
909 456 1060 517 alumnus.

186 540 234 600 Ib.
250 540 306 611 39,
323 541 366 600 40
385 543 496 614 pudor,
519 545 618 614 inquit,
643 549 671 599 te
684 543 779 597 malua
793 546 885 616 capit,
909 546 1029 601 insanos
1042 547 1093 617 qui

124 630 201 683 inter
233 641 358 684 vereare
389 630 515 683 insonae
545 627 656 683 arcere
706 623 847 684 Imitatus
875 633 922 684 est
948 624 1089 705 Sympos.

124 708 224 787 prael.
255 709 389 788 aenigm.
411 728 442 768 v.
460 710 499 768 16
528 708 675 768 ‘insanos
703 709 786 769 inter
807 726 917 769 eanum
937 728 1001 768 non
1024 729 1091 771 esse

124 791 309 853 necessest’.

186 875 235 937 Ib.
252 877 293 936 83
315 882 412 937 nescio
428 896 467 936 aa
481 878 653 953 Anticyram
667 881 744 936 ratio
763 880 821 937 illis
835 879 958 936 destinet
971 896 1089 937 omnem.

123 961 174 1021 Ita
194 981 243 1033 v.,
267 959 324 1020 sod
346 960 455 1021 molius
479 969 545 1021 erat
566 971 600 1020 ut
622 969 696 1039 puto
718 960 846 1021 vitando
869 960 1021 1041 asyndeto
1042 982 1090 1021 sa-

122 1047 163 1104 tis
191 1044 363 1124 ineleganti
392 1047 528 1125 recipere
555 1046 588 1105 id
617 1045 701 1124 quod
728 1044 904 1107 Meinekius
932 1048 1092 1125 proposuit

123 1129 202 1189 ‘nec
223 1129 316 1189 scio'.

186 1213 236 1273 Ib.
261 1215 321 1272 117
343 1217 429 1273 ulvae
450 1214 545 1287 idem,
572 1217 648 1273 uude
668 1213 750 1273 libri.

186 1297 236 1357 Ib.
260 1296 320 1356 231
344 1303 395 1374 qur·
407 1317 473 1358 cum
488 1315 593 1359 uenere
608 1299 644 1357 B.
668 1303 738 1374 qaid
752 1304 832 1358 tam?
846 1316 952 1359 venere
966 1318 1007 1373 v,
1023 1302 1093 1377 quid

123 1387 205 1441 lum?
225 1390 259 1440 ut
280 1399 385 1442 venere
406 1382 449 1443 Μ.

187 1465 236 1525 Ib.
259 1466 320 1524 273
341 1483 434 1540 penes
454 1467 509 1526 te’s
530 1467 657 1545 scripsi,
677 1484 770 1540 penes
792 1476 820 1525 te
842 1484 874 1525 es
894 1487 924 1526 v.

186 1550 236 1613 Ib.
265 1550 326 1609 276
353 1554 384 1609 ia
412 1568 495 1628 quem
523 1548 559 1611 O.
586 1551 755 1625 Frankius,
787 1550 977 1624 Meiuekius,
1014 1571 1090 1630 quos

122 1636 221 1695 secuti
242 1653 355 1695 sumus.

186 1719 235 1778 Ib.
265 1738 323 1795 que
349 1735 394 1777 me
423 1724 544 1778 ειιιῐιιιια
572 1718 643 1780 cdd.
673 1718 801 1798 Oruquii
835 1727 960 1799 praetor
984 1719 1090 1780 Marti·

122 1805 210 1889 nium
233 1821 338 1863 omues
360 1811 392 1862 et
413 1805 543 1864 aliorum
569 1804 663 1883 longo
685 1803 823 1884 plurimi,
855 1823 947 1884 quam
968 1815 1090 1883 praetu-

122 1890 213 1948 limus
235 1887 399 1948 lectionem
419 1898 454 1948 ut
468 1890 618 1949 vitaretur
639 1890 779 1949 insuavis
793 1887 852 1949 hoe
866 1888 934 1949 loco
948 1888 1090 1949 homoeo-

122 1974 234 2033 teleuti
266 1990 359 2033 sonus
390 1973 550 2053 stultitiam
577 1979 728 2052 quoniam.
778 1972 859 2032 Nam
886 1972 1031 2034 Bentleio
1060 1982 1091 2033 et

123 2056 282 2117 Meinekio
304 2056 420 2136 placuit
441 2058 520 2118 illud
534 2058 617 2137 quod
638 2059 744 2137 paucis
765 2057 894 2118 testibus
916 2058 1023 2117 nixum
1045 2068 1091 2118 est

124 2141 235 2222 ‘quam
249 2160 298 2201 me
312 2141 474 2203 stultitiam
480 2142 501 2215 ’,
524 2160 604 2221 quae
618 2145 752 2203 varietas
767 2143 936 2221 scripturae
951 2143 985 2201 ni
1000 2143 1091 2201 fallor

124 2246 163 2287 ex
183 2226 299 2285 initiali
320 2226 448 2286 secundi
471 2225 613 2287 vocabuli
634 2227 736 2286 littera
758 2228 851 2285 traxit
873 2227 1032 2303 originem.

187 2329 222 2383 11,
239 2312 271 2388 4,
289 2311 328 2370 13
350 2319 382 2368 at
403 2316 468 2370 suci
487 2315 613 2370 melioria
633 2319 662 2368 et
682 2318 715 2368 ut
735 2315 826 2386 mepte
849 2313 925 2368 alma
948 2313 1089 2369 rotundis

125 2395 173 2456 Ito
194 2396 236 2467 B,
260 2394 308 2467 M,
332 2395 389 2467 al.,
414 2390 504 2455 codd.
528 2395 635 2456 ‘albu'.

186 2479 235 2539 Ib.
261 2480 300 2538 19
329 2487 421 2540 mutto
450 2497 582 2539 mersere
607 2483 748 2541 Fraterno.
791 2478 842 2539 Ita
868 2477 1031 2539 Laudinus
1060 2487 1091 2539 et

124 2565 265 2644 plerique
287 2572 357 2641 post
377 2564 567 2638 Bentleium,
591 2562 705 2624 ‘misto'
728 2584 783 2625 seu
805 2564 924 2623 ‘mixto'
947 2563 1019 2625 edd.

186 2648 234 2707 Ib.
261 2649 299 2707 17
327 2653 355 2706 oi
382 2654 564 2722 vesperanus
590 2653 682 2708 subito
710 2657 737 2708 te
771 2652 949 2723 oppressae
974 2650 1089 2722 hospes.

124 2732 304 2795 Notandum
317 2732 481 2793 Horatium
502 2742 537 2792 ut
552 2733 714 2812 plerosque
730 2743 836 2812 poetas
859 2732 1014 2792 abstinero
1036 2733 1089 2792 ad-

124 2818 229 2878 verbio
258 2817 432 2896 ‘repente'.
476 2817 559 2877 Melo
588 2817 686 2876 fertur
712 2817 795 2896 apud
823 2816 980 2878 Tibullum
1006 2816 1091 2897 quod

125 2912 155 2962 et
177 2902 270 2961 aliam
292 2900 331 2960 ob
354 2921 475 2962 causam
494 2901 703 2962 damnandum
726 2908 773 2961 est
794 2901 895 2961 ‘nunc
908 2922 992 2963 mare
1007 2922 1091 2961 nunc

124 2985 180 3046 leti
201 2986 287 3045 mille
309 2994 437 3064 reponte
458 2986 546 3046 viao'
569 3005 625 3065 pro
648 3006 684 3046 eo
700 2986 783 3065 quod
806 2995 853 3047 est
874 2987 964 3047 unice
983 3006 1091 3047 rerum

125 3070 237 3130 ‘multa
259 3078 383 3148 reperta
404 3072 510 3130 viast'.

186 3173 221 3228 11,
246 3155 276 3226 5,
300 3154 350 3226 20,
367 3155 406 3212 21
427 3157 535 3229 fortem
556 3158 611 3214 hoo
633 3161 757 3214 enimam
780 3159 908 3215 tolerare
929 3157 1038 3224 iubebo,
1062 3162 1091 3212 et

124 3243 268 3315 quondam
282 3244 396 3299 maiora
412 3244 473 3299 tuli.
505 3237 639 3298 Omnino
661 3259 734 3299 vere
756 3239 859 3319 siquid
881 3240 980 3297 sentio
996 3237 1089 3297 Prae·

125 3319 263 3384 dicorius
292 3331 325 3383 et
350 3322 519 3384 Horkelius
546 3344 615 3383 cum
644 3323 781 3384 editione
810 3322 953 3382 Cratonis
982 3318 1089 3378 ‘tulit’

125 3409 165 3468 ad
186 3407 420 3468 similitudinem
434 3408 590 3468 Homerici
613 3409 744 3487 exempli
765 3406 849 3486 quod
870 3405 921 3463 hio
942 3413 976 3464 ut
997 3423 1091 3482 saepe

125 3512 303 3573 expressum
331 3501 378 3554 est
404 3514 424 3553 a
449 3492 562 3554 Flacco
592 3487 673 3571 [Od.
695 3512 752 3566 xx,
779 3487 837 3569 18]
870 3484 1012 3550 “τέτλαθι
1040 3485 1090 3566 δή,
