2570 4022
502 224 716 285 PRAEFATIOo
961 216 964 221 ¹
1011 228 1090 285 XXV

121 404 247 447 versum
262 404 357 466 saepe
370 387 592 466 contemplatus
613 386 704 448 aliter
717 386 756 448 ab
771 386 901 449 Horatio
916 389 1089 468 profectum

122 490 190 531 esse
213 471 365 531 intellexi.
403 469 528 550 Quippe
543 490 608 531 non
622 472 722 532 minus
743 472 879 533 alienum
901 482 947 533 est
968 473 1007 532 ab
1023 482 1090 533 arte

122 554 229 614 Flacci
250 555 330 615 solvi
351 555 434 616 arsin
449 573 541 634 quarn
563 563 763 636 anapaestum
783 557 835 617 rel
856 557 1013 637 dactylum
1034 557 1087 617 ad·

122 640 203 699 mitti
225 640 259 699 in
273 639 377 699 metris
398 639 536 699 iambicis
558 640 610 700 vel
622 640 785 701 trochaicis
798 650 921 719 praeter
934 643 1088 701 senarium

122 723 295 783 iambicum.
323 722 452 802 Legitur
473 723 597 803 quidem
619 744 668 803 ep.
685 725 734 799 15,
752 725 792 783 13
807 743 852 803 sq.
877 724 1087 786 *5115555555-

121 806 204 867 latos
226 808 287 867 alio
310 808 459 868 maerebis
481 827 615 881 amores,
639 817 698 869 ast
720 828 790 887 ego
811 809 944 868 vicissim
964 810 1088 870 risero’.

123 891 188 952 Sed
210 892 287 951 haec
308 892 447 965 licentia,
477 901 512 952 ut
534 893 672 952 omittam
691 893 725 952 in
747 893 844 972 primo
866 893 947 973 pede
969 893 1089 953 admitti

122 995 207 1050 eam,
224 985 386 1036 excusatur
399 975 471 1037 ideo
486 976 570 1055 quod
584 977 679 1055 plane
693 976 842 1038 formulae
856 979 955 1038 vicem
969 978 1088 1057 optinet

122 1059 204 1120 illud
230 1059 296 1121 ‘ast
318 1059 405 1140 ego’.
448 1059 614 1122 Praeterea
635 1060 731 1121 habes
753 1080 802 1139 ep.
825 1062 854 1135 1,
879 1064 916 1123 61
940 1079 986 1140 sq.
1015 1061 1088 1120 ‘has

121 1147 207 1207 inter
228 1145 335 1224 epulas
356 1153 391 1204 ut
417 1145 503 1204 iuvat
523 1153 628 1224 pastas
652 1164 725 1205 oves
745 1146 853 1206 videre
874 1165 1086 1225 properan-

119 1238 181 1289 tes
206 1227 356 1289 domum’.
388 1227 452 1289 Sed
473 1227 516 1287 ibi
537 1248 594 1309 per
616 1232 872 1309 onomatopoeian
894 1229 994 1291 soluto
1016 1250 1086 1291 con·

121 1322 172 1373 tra
197 1333 314 1373 morem
339 1313 420 1393 pede
448 1313 570 1374 dimetri
597 1313 775 1393 depingitur
800 1324 873 1394 apte
894 1332 1021 1393 gregum
1047 1314 1088 1376 ad

122 1406 200 1457 nota
221 1397 343 1457 stabula
364 1399 583 1459 revertentium
609 1399 787 1477 trepidatio.
836 1399 946 1478 Itaque
967 1417 1008 1460 ne
1029 1399 1089 1459 hoc

122 1482 251 1560 quidem
272 1482 445 1561 exemplum
465 1482 507 1542 ad
528 1502 592 1542 rem
613 1483 697 1543 facit.
742 1480 846 1561 Quare
869 1485 993 1543 omnino
1015 1485 1080 1543 scri·

121 1566 261 1626 bendum
281 1566 582 1645 pronuntiandumve
612 1570 732 1646 ‘puro’,
762 1567 853 1628 sicuti
879 1568 956 1626 dixit
975 1566 1087 1627 Lucro·

121 1652 183 1710 tius
204 1659 279 1710 noto
298 1670 389 1711 versu
412 1647 486 1730 [1111,
506 1647 602 1729 1026]
626 1652 714 1730 ‘puri
733 1670 827 1731 saepe
846 1651 947 1732 lacum
960 1660 1089 1731 propter

122 1755 157 1795 se
179 1754 217 1795 ac
238 1734 322 1796 dolia
343 1739 446 1796 curta'
469 1744 527 1799 etc.
570 1735 650 1796 Nam
671 1736 755 1815 quod
778 1735 853 1796 dicit
871 1733 1087 1796 Lachmannus

122 1839 188 1878 non
203 1818 386 1898 intellegere
399 1838 434 1880 oe
448 1839 502 1880 cur
515 1819 574 1879 hoc
587 1820 656 1880 loco
671 1819 765 1898 ‘puri'
783 1820 898 1880 dictum
912 1820 1090 1880 existiment

122 1906 310 1982 interpretes
332 1905 421 1983 quasi
442 1905 545 1984 pueri,
576 1924 633 1982 ego
656 1904 751 1965 multo
774 1906 874 1964 minus
903 1905 990 1988 capio
1013 1923 1087 1983 quo·

122 1988 215 2048 modo
236 1990 410 2048 sententiae
430 1988 471 2047 sit
493 1997 598 2067 aptum
619 1988 698 2049 illud
718 1987 916 2062 vocabulum,
945 1990 972 2048 si
993 1990 1086 2068 signi·

122 2073 205 2144 ficet,
228 2071 312 2152 quod
326 2072 443 2151 placuit
462 2074 534 2152 ipsi,
556 2074 695 2135 mundos.
732 2073 828 2133 Immo
848 2073 924 2151 quid
943 2072 1003 2133 sibi
1024 2075 1087 2133 vel-

122 2158 167 2216 let
187 2157 350 2217 Lucretius
370 2157 437 2235 ipse
458 2158 600 2236 apposite
623 2157 791 2217 declararit
818 2157 963 2217 addendo
985 2160 1088 2217 statim

122 2241 311 2300 mentionem
338 2260 444 2301 eornm
465 2243 520 2320 qui
546 2243 579 2300 in
600 2241 662 2300 fine
683 2242 835 2320 pueritiae
856 2242 948 2319 positi
970 2240 1011 2299 ad
1031 2260 1086 2319 pu·

121 2323 300 2385 bescentem
321 2334 455 2386 aetatem
475 2326 689 2405 pervenissent
711 2325 752 2385 ad
773 2325 857 2384 hunc
877 2323 1014 2383 modum:

210 2431 271 2473 tam
289 2423 377 2489 quibas
393 2425 488 2474 aetatis
503 2423 576 2486 freta
591 2425 709 2488 primitus
726 2424 869 2474 innonatur

208 2505 307 2554 amen,
324 2491 377 2542 alai
393 2493 466 2555 ipsa
483 2491 552 2542 dica
568 2491 710 2542 membris
726 2498 850 2543 matura
867 2493 1001 2543 erescit.

123 2575 214 2655 Quae
228 2578 302 2637 satis
318 2584 425 2656 aperte
440 2576 654 2637 demonstrant
674 2577 877 2657 praecessisse
897 2580 1087 2639 mentionem

121 2679 296 2739 puerorum.
339 2659 444 2740 Atque
471 2663 516 2721 ita
544 2661 713 2722 dissidente
741 2662 855 2722 frustra
882 2663 988 2722 codice
1009 2663 1085 2724 Vos-

121 2746 211 2805 siauo
245 2745 325 2805 dixit
349 2745 507 2806 Ausonius
540 2741 637 2825 [prof.
659 2746 755 2806 Burd.
779 2747 833 2820 10,
860 2743 918 2826 17]
953 2746 1087 2807 ‘credita

121 2830 281 2908 purities’.
327 2826 375 2890 Of.
398 2830 428 2893 d.
451 2851 476 2890 r.
499 2850 538 2890 m.
562 2830 633 2903 255,
657 2831 707 2890 56.
751 2829 822 2889 Huc
850 2832 942 2891 etiam
969 2831 1087 2893 faciunt

121 2912 188 2972 illa
204 2932 281 2993 puer
306 2914 424 2994 puella,
461 2923 566 2975 coacta
594 2915 678 2993 apud
704 2916 873 2988 scaenicos,
909 2914 948 2975 de
976 2917 1086 2996 quibus

123 2997 203 3057 dixit
216 2998 403 3058 Bitschelius
418 3000 556 3078 inproll.
572 2998 613 3059 ad
627 2999 714 3061 Trin.
729 3018 782 3078 pg.
800 3000 871 3059 164.
899 2999 1018 3079 Nequis
1034 3022 1085 3061 au·

120 3090 184 3141 tem
206 3081 319 3142 obiciat
333 3084 500 3163 syniaesim
513 3084 608 3143 talem
629 3104 648 3143 a
662 3084 752 3164 lyrici
766 3085 909 3144 carminis
932 3084 1086 3164 elegantia

121 3165 272 3239 alienam,
300 3185 458 3227 monemus
480 3168 625 3227 Flaccum
653 3167 763 3228 eodem
784 3170 951 3229 carminum
972 3187 1086 3248 genere

120 3247 301 3310 adhibuisse
324 3250 511 3331 disyllabum
523 3252 667 3331 Pompei,
691 3254 776 3313 cuius
798 3253 942 3314 licentiae
964 3261 1088 3332 praeter

122 3333 263 3394 eiusdem
282 3336 316 3393 in
332 3336 472 3414 epistulis
487 3330 564 3396 illud
587 3335 728 3396 ‘Vultei'
751 3338 870 3397 nullum
885 3345 969 3397 extat
984 3354 1084 3397 exem-

119 3418 209 3497 plum
220 3419 385 3496 gemellum
398 3421 481 3500 apud
494 3420 671 3500 dactylicos.
696 3420 840 3482 Ceterum
850 3422 943 3481 etiam
953 3422 986 3480 in
995 3440 1086 3480 versu

120 3503 231 3562 comici
246 3505 350 3564 nescio
364 3505 449 3565 cuius
462 3505 545 3584 apud
558 3504 738 3566 Ciceronem
748 3506 841 3566 'llosc
856 3504 935 3585 disp.
948 3523 968 3580 1,
982 3505 1031 3578 39,
1045 3506 1085 3564 94
