2570 4022
165 179 233 236 vm
312 170 317 175 ’
540 173 753 231 PRAEFATIO.

165 330 228 396 hac
249 329 380 419 quidem
402 327 571 411 occasione
592 328 825 393 omitteremus.
869 326 1021 395 Oetemm
1042 331 1133 418 qnod

166 416 253 481 haud
281 434 361 478 sane
385 434 459 478 raro
479 408 653 478 refellendi
678 432 753 476 cnm
773 411 870 477 huius
897 422 968 479 tum
988 412 1133 483 Bentleii

166 498 222 563 vel
249 496 472 584 Peerlkampii
498 497 668 584 opiniones
694 496 837 561 subituri
862 517 975 563 snmus
1002 500 1131 586 pericu·

167 583 249 664 lum,
270 583 386 670 nequis
400 580 506 648 livore
524 591 581 647 aut
593 577 746 646 iactando
766 581 900 666 ingenio
913 580 1038 648 iactum
1058 605 1135 652 csse

168 667 334 732 existimet
354 686 470 754 parum
490 686 650 731 veremur.
687 662 734 729 Hi
754 667 841 730 enim
863 676 939 732 sunt
964 668 1030 733 viri
1051 689 1131 756 quo·

167 772 241 817 rum
260 772 303 816 ex
322 749 488 816 erroribus
502 749 693 838 plerumque
709 750 770 814 vix
783 750 891 817 minus
910 751 1017 818 discas
1032 773 1132 840 quam

168 858 212 902 ex
240 837 286 900 eis
314 856 397 924 quae
426 844 514 900 recte
546 835 772 900 observarunt.
820 833 867 900 Et
893 856 991 924 saepe
1019 858 1132 903 eorum

166 921 246 985 dum
266 918 470 1006 contemplor
493 919 625 1005 ingenia
646 920 739 984 venit
759 919 795 984 in
815 927 958 985 mentem
978 921 1067 1006 quod
1088 922 1134 986 de

166 1026 232 1070 uno
259 1025 302 1069 ex
328 1002 433 1068 isdem
460 1002 570 1069 dicere
596 1003 721 1069 solebat
747 1001 1034 1087 Hemsterhusins,
1061 1026 1130 1070 mo·

168 1109 246 1153 vere
267 1107 341 1152 eum
361 1087 467 1153 multa
491 1109 557 1153 non
577 1088 754 1171 movenda,
784 1087 843 1152 sed
864 1087 966 1176 pleris
985 1088 1129 1155 uelocis

167 1182 296 1239 veteres
319 1173 504 1272 scriptores,
527 1172 557 1237 si
576 1173 624 1238 ita
644 1172 864 1319 scripsissent,
885 1182 923 1237 ut
945 1174 953 1191 '
981 1193 999 1237 e
1020 1171 1131 1259 legen·

167 1257 245 1323 dum
267 1255 428 1340 decrevit,
450 1253 569 1322 melius
588 1255 691 1322 fuisse
727 1264 878 1323 acturos..

231 1339 385 1406 Getenrm
406 1361 465 1429 pro
486 1340 666 1407 rationibus
687 1338 785 1406 huius
813 1340 967 1407 editionis
990 1360 1033 1406 ex
1053 1361 1133 1407 con·

167 1427 300 1490 iecturis
330 1424 499 1491 doctorum
525 1411 678 1492 non‘nisi
703 1445 758 1490 eas
783 1426 988 1511 recipiendas
1037 1426 1133 1491 utari

168 1530 252 1597 quae
273 1507 471 1576 dubitationi
491 1510 561 1575 fere
582 1518 691 1575 essent
712 1520 894 1596 exemptae.
921 1546 964 1559 -
1021 1519 1036 1575 t
1057 1530 1132 1575 cum

167 1592 286 1658 multos
301 1594 364 1660 hoc
376 1603 444 1659 tem
486 1616 523 1659 re
536 1596 721 1659 temeritate
735 1603 768 1659 et
781 1593 992 1694 inprudentia
1005 1595 1133 1695 praeci-

168 1680 290 1765 pitatos
311 1679 420 1745 minus
457 1678 583 1744 eliciter
602 1677 750 1743 viderem
771 1679 898 1743 versari
918 1700 954 1743 rn
968 1699 1047 1743 ensi
1060 1676 1132 1744 Ho-

167 1763 309 1847 ratiana,
340 1783 378 1828 eo
404 1766 510 1848 magis
537 1762 707 1829 sobrietati
732 1783 772 1827 uc
791 1760 973 1829 modestiae
998 1762 1135 1828 studere

167 1845 286 1912 induxi
305 1847 341 1911 in
361 1848 517 1912 animum.
560 1844 649 1913 Hinc
670 1846 793 1912 factum
818 1856 856 1912 ut
877 1846 919 1912 de
938 1848 1061 1912 nostris
1082 1847 1132 1910 in·

168 1932 276 1996 ventis
304 1931 502 2019 paucissima
527 1931 609 2018 ipsis
636 1929 749 1996 Flacci
774 1929 869 1996 libris
897 1932 1133 2013 insereremns3

169 2015 344 2102 quaedam,
365 2015 515 2103 quamvis
538 2015 636 2080 etiam
658 2016 730 2080 sine
748 2015 868 2080 rubore
888 2014 1021 2081 admitti
1058 2034 1136 2079 osse

149 2133 151 2137 ·
168 2098 375 2181 viderentur,
390 2100 426 2163 in
439 2100 525 2166 notis
541 2097 785 2166 commendasse
799 2100 952 2165 contenti.
968 2136 1012 2148 -
1098 2118 1131 2162 e·

167 2195 258 2248 terea
284 2182 526 2248 verecundiane
554 2181 662 2249 dicam
689 2186 797 2250 victus
829 2204 872 2247 an
900 2183 1137 2271 superstitione

167 2266 292 2356 aliquot
318 2265 400 2333 locis
429 2269 573 2355 priorum
606 2269 791 2335 criticorum
824 2268 1024 2334 coniecturas
1058 2287 1132 2330 oum

168 2363 274 2418 certas
301 2352 453 2416 ducerem
480 2361 513 2417 et
540 2361 687 2419 carentes
714 2351 931 2434 dubitatione,
958 2360 1070 2415 tamen
1090 2371 1137 2414 ne

168 2438 269 2501 nimio
296 2434 440 2501 novandi
467 2435 577 2502 studio
603 2458 662 2504 nos
688 2436 797 2522 abripi
818 2442 1031 2522 quererentur
1051 2454 1133 2498 non·

169 2519 267 2602 nulli,
280 2520 325 2584 ¹in
345 2520 408 2585 hac
428 2521 630 2608 praefatione
651 2523 759 2608 potius
782 2541 879 2606 qnam
899 2520 935 2585 in
956 2519 1041 2606 ipsis
1062 2536 1132 2584 ear·

168 2603 312 2670 minibus
344 2607 675 2691 repraesentavimus:
704 2626 785 2692 quas
812 2614 922 2669 tamen
948 2602 984 2668 in
1010 2603 1137 2669 maiore

170 2688 313 2754 editione
333 2688 405 2754 loco
427 2711 490 2776 quo
512 2710 571 2778 par
592 2699 662 2755 erat
682 2691 887 2777 recipiemus.

233 2772 300 2838 Sed
320 2772 452 2838 hercule
474 2795 539 2861 qna
559 2775 736 2840 severitate
761 2774 798 2838 in
817 2774 939 2839 nostris
962 2772 1135 2838 conatibus

169 2858 323 2922 taxandis
345 2859 398 2923 usi
420 2879 549 2941 sumus,
577 2859 713 2923 eandem
740 2859 838 2922 etism
859 2859 895 2921 in
915 2854 1054 2923 aliorum
1074 2855 1135 2920 ad·

169 2940 277 3006 hiberi
303 2963 362 3030 par
389 2952 470 3008 crat.
513 2943 629 3031 Neque
656 2951 704 3007 est
725 2962 783 3007 cur
809 2940 964 3008 hocloco
986 2950 1136 3029 repetam

169 3024 253 3089 nibil
278 3027 373 3092 nobis
395 3030 501 3114 magis
529 3048 601 3094 esse
628 3027 772 3092 invisum
799 3046 910 3091 eorum
937 3027 1135 3107 temeritate,

170 3110 227 3196 qui
248 3133 314 3177 non
335 3113 415 3177 satis
435 3111 545 3199 ampla
558 3121 725 3199 poetarum
747 3108 922 3175 latinorum
941 3110 1062 3210 peritia
1083 3109 1134 3171 in·

170 3197 287 3261 structi
315 3207 347 3262 et
372 3207 504 3263 urentes
532 3205 744 3282 secantesque
766 3216 849 3281 quae
869 3216 911 3258 ne
938 3191 1137 3278 intellegant

170 3280 316 3365 ipsorum
349 3280 444 3369 culpa
479 3280 694 3370 prohibentur
726 3290 830 3344 artem
863 3279 1026 3359 criticam,
1068 3296 1136 3375 qua

170 3364 319 3449 quidem,
343 3366 371 3430 si
392 3375 481 3431 recte
501 3364 712 3446 adhibeatur,
741 3366 824 3429 nihil
845 3371 938 3428 extat
959 3360 1135 3428 sublimius

9 3456 54 3527 :5533
168 3447 223 3511 vel
255 3448 415 3532 divinius,
449 3449 484 3514 in
516 3447 661 3513 ludibria
692 3456 827 3513 vertunt
859 3457 892 3512 et
925 3445 1135 3533 praestigias.
