2610 4028
180 210 242 276 134
549 215 761 274 srrnsnvn
1080 217 1145 292 [nr

190 391 223 441 95
238 378 418 445 Prodidcrit
439 380 598 447 conmissa
617 379 680 445 fide
701 400 894 464 sponsumve
914 402 956 445 ne
1018 379 1063 445 't‘?

240 462 318 539 Quis
339 464 430 548 peria
451 485 519 530 esse
540 464 607 530 fere
627 465 749 549 placuit
768 468 913 549 peccata,
936 466 968 529 le
1009 468 1098 548 rent,

240 546 322 614 eum
347 552 478 615 ventum
505 546 545 614 ed
571 552 728 615 vernmst:
762 570 874 614 sensus
900 570 1066 634 moresque
1092 569 1144 614 re·

871 637 929 698 ent

239 716 346 800 Atqne
367 717 438 801 ipse
458 717 594 801 utilitas,
616 717 693 781 insti
714 655 938 802 proliffieter
961 721 995 783 et
1015 717 1119 802 aequi.

240 799 321 866 Ourn
342 804 570 885 prorepserunt
590 801 702 885 primis
723 802 873 866 enimelie
894 803 1002 885 terris,

177 897 227 946 100
240 884 367 950 Mutum
393 889 426 950 et
452 889 546 970 turpe
571 906 669 970 pecus
675 934 685 968 ‚
719 886 996 1036 glandemteetque
1022 885 1145 952 cubilia

238 1052 409 1140 Vngnribns
424 1057 457 1118 et
469 1054 602 1152 pugnis,
618 1053 693 1119 dein
706 992 864 1138 ennii}
877 992 972 1140 sique
985 1056 1031 1120 ite
1044 1075 1144 1140 porro

238 1136 431 1222 Pugnabant
451 1160 562 1237 1111111,
584 1159 666 1223 quae
685 1141 761 1222 post
779 1139 990 1209 febncevernt
1008 1160 1100 1221 usus,

239 1220 350 1287 Donec
371 1222 481 1306 verbe,
504 1223 618 1307 qmbus
639 1243 733 1288 voces
755 1244 929 1307 sensusque
948 1227 1114 1306 noterent,

238 1303 440 1391 Nomineque
461 1308 625 1393 invenere5
649 1306 764 1372 dehinc
784 1307 938 1373 absistere
957 1308 1058 1391 bello,

177 1402 226 1452 105
242 1389 368 1474 Oppida
389 1394 562 1475 coeperunt
582 1391 706 1456 munire
728 1394 761 1456 et
780 1412 900 1477 ponere
921 1392 951 1456 11
974 1413 1022 1476 es,

238 1473 361 1558 Nequis
382 1476 435 1540 fur
455 1480 540 1541 esset
575 1497 639 1541 neu
660 1477 757 1559 latro,
779 1476 913 1560 neuquis
936 1413 1067 1542 1111111.

238 1559 324 1624 Nem
351 1559 414 1624 fuit
434 1563 508 1624 ante
530 1525 686 1625 lielenem
708 1581 831 1625 cunnus
852 1562 1035 1625 taeterrime
1061 1560 1141 1626 belli

239 1641 356 1727 Oeuse,
379 1642 436 1708 sed
456 1644 577 1729 ignotis
598 1645 762 1728 perierunt
781 1645 938 1710 mortibus
958 1645 1006 1709 illi

239 1726 326 1803 Quos
352 1749 501 1792 venerem
529 1728 683 1793 incertam
704 1729 864 1813 rapientes
884 1749 973 1794 more
1000 1693 1140 1795 ferarum

176 1824 226 1873 110
240 1809 370 1876 Viribus
393 1811 507 1876 editior
528 1811 695 1896 caedebat,
716 1814 808 1877 utin
829 1834 928 1899 grege
949 1815 1067 1878 tenrus.

238 1894 312 1959 Iure
332 1895 464 1960 invente
485 1899 572 1973 metu
593 1897 704 1962 iniusti
725 1897 844 1962 fateare
865 1901 1038 1979 necessest,

237 1978 444 2064 Temporesi
464 1979 626 2066 festosque
647 1981 726 2046 velis
748 1982 893 2047 evolvere
912 1980 1032 2046 mundi.

236 2062 308 2129 Nee
327 2066 442 2128 nature
462 2068 570 2149 potest
590 2065 674 2131 iusto
696 2084 860 2130 secernere
881 2066 1040 2150 iniquum,

237 2146 361 2213 Dividit
380 2151 418 2215 ut
437 2149 523 2214 bona
543 2149 690 2233 diversis,
712 2149 866 2235 fugiende
886 2149 1046 2235 petendis3

175 2245 224 2295 115
238 2231 308 2298 Nec
318 2233 425 2298 vincet
434 2234 515 2298 ratio
526 2235 597 2318 hoo,
611 2234 799 2299 tentrmdem
808 2238 845 2299 ut
885 2237 972 2299 ecoet
981 2233 1140 2317 idemque,
1303 2306 1304 2317 ¹

116 2392 121 2399 ⁸
237 2316 300 2394 Qui
321 2319 449 2382 teneros
471 2318 576 2384 ceulee
598 2319 695 2383 alieni
715 2318 850 2404 fregerit
861 2257 957 2383 irorti
1245 2336 1255 2347 ‘
1303 2336 1304 2365 ³

236 2400 282 2466 Et
303 2402 357 2485 qui
378 2405 552 2467 nocturnus
575 2424 666 2468 encre
686 2402 794 2468 divum
816 2403 939 2488 legerit.
976 2402 1071 2467 Adsit

236 2484 376 2571 Regina,
397 2487 537 2569 peccetis
559 2507 639 2571 quse
659 2508 779 2571 poenes
801 2487 929 2572 inroget
1008 2507 1081 2569 uas,

236 2568 288 2635 Ne
310 2570 431 2634 scutica
451 2569 584 2656 dignum
604 2570 751 2636 horribili
773 2574 893 2636 sectere
914 2570 996 2656 flege
1022 2590 1051 2635 0.

175 2666 225 2716 120
238 2653 323 2718 Nem
344 2656 380 2718 ut
400 2652 502 2719 ferula
523 2654 635 2720 credes
656 2656 805 2721 meritum
826 2656 948 2720 maiore
968 2655 1075 2719 subire

236 2736 392 2821 Verbere,
414 2759 482 2802 non
502 2760 627 2823 vereor,
650 2761 723 2805 oum
744 2738 831 2804 dicas
853 2760 922 2805 esse
943 2760 1036 2823 peres
1057 2759 1111 2803 res

236 2821 334 2887 Furta
355 2822 530 2888 latrociniis
553 2826 585 2888 ct
604 2825 732 2908 magnis
753 2845 850 2908 parve
871 2823 1002 2889 mineris

235 2905 331 2971 Falce
352 2907 527 2972 recisurum
548 2907 645 2972 simili
665 2911 713 2991 te,
736 2909 763 2972 si
785 2908 845 2973 tibi
865 2929 1000 2993 regnum

236 2990 429 3055 Permittant
448 2991 604 3057 homines.
642 2991 800 3076 8111111,
823 2993 878 3076 qui
899 2992 1026 3075 sepiens
1049 2994 1117 3074 111,

174 3087 223 3136 125
236 3072 282 3138 Et
302 3076 391 3137 sutor
411 3074 515 3140 bonus
537 3080 571 3140 et
591 3076 678 3141 eolus
699 3075 859 3141 formosus
881 3080 915 3140 et
935 3078 985 3140 est
1003 3096 1075 3157 rex,

237 3155 303 3223 Cur
323 3160 416 3242 optes
438 3159 523 3243 qnod
544 3160 664 3224 hebes?
706 3159 794 3258 ‘Non
815 3160 918 3307 nostti,
940 3157 1017 3244 quid
1037 3158 1141 3244 peter'

778 3267 813 3308 rn
835 3266 869 3309 ur

235 3324 445 3412 ‘Chrysippus
475 3327 576 3392 dicet:
613 3328 740 3413 sepiens
773 3265 918 3412 crgpides
950 3327 1013 3392 sibi
1047 3346 1142 3392 num·

801 3434 877 3476 uem

23 3510 51 3555 3:
183 3568 186 3573 ,
235 3491 305 3559 Nee
327 3494 430 3559 soleas
452 3476 546 3578 fecit,
569 3497 658 3559 sutor
678 3433 851 3561 temenqest
865 3496 1016 3582 sepiens?
1053 3492 1142 3570 Qui?

95 3772 119 3819 κ,

118 3810 217 3979 Et.
