2570 4022
193 158 282 259 univ
592 197 763 255 nunnus

195 360 255 421 nisi
277 358 401 441 quando
422 358 503 419 nihil
522 358 678 431 intercus
690 358 825 436 longana
847 378 888 417 au
902 357 989 419 brevi
1010 361 1045 421 in
1063 370 1163 422 metro

194 444 283 505 utare
305 442 440 525 syllaba,
463 443 604 505 velutin
624 443 717 504 tertio
739 442 821 522 pede
840 444 986 504 trimetri:
1268 462 1275 476 ·

262 541 359 594 letare
377 546 454 594 tenta
470 542 573 607 spiritu·
587 539 759 607 praecordia.
821 533 824 537 ’
1040 552 1044 563 ’

150 662 152 665 -
194 628 276 690 Nam
297 624 432 708 perinde
457 627 640 708 inprobatur
660 627 751 687 bonis
772 629 872 707 poetis
894 629 951 689 tali
979 628 1166 693 condicione

195 714 261 774 sive
283 713 397 793 corripi
418 711 543 774 brevem
570 713 636 772 sive
657 711 787 792 produci
816 708 874 791 [cf.
897 712 927 773 d.
949 732 1035 775 nm.
1056 717 1160 774 616-

195 791 291 877 321}
342 796 385 857 Et
410 797 470 857 hoc
504 794 629 876 quidem
655 802 822 876 numquam
853 796 976 858 admisit
1002 798 1162 874 Horatius,

194 881 295 942 illud
326 881 539 961 aliquando
571 879 705 941 sedin
738 881 982 944 sermonibus
1015 890 1165 944 tantum

147 1024 150 1027 .
198 985 226 1029 e.
250 987 275 1026 c.
298 965 347 1025 his
367 964 509 1037 versibus
532 961 567 1044 [r‚
585 967 634 1039 10,
652 965 692 1024 72
715 974 748 1038 11,
765 966 793 1039 6,
812 961 867 1043 28]
929 978 931 985 ’

213 1074 215 1077 v
263 1045 344 1113 saepi
361 1047 454 1098 stilum
471 1052 580 1109 vertas,
598 1049 701 1097 iterum
718 1058 790 1111 quac
810 1046 896 1113 digna
912 1047 973 1113 legi*
987 1048 1046 1099 sint
1067 1070 1069 1075 >

251 1115 341 1167 rivet
357 1118 426 1166 utor
436 1114 562 1181 locuples
578 1113 635 1169 rins
652 1116 759 1180 gnatis,
771 1115 923 1181 inprobus,
942 1115 1041 1171 ¹ultra⁴

256 1216 300 1279 V:
334 1214 558 1278 Productiones
580 1215 720 1278 brevium
746 1218 956 1299 inconsonas
980 1221 1165 1282 meursium

195 1301 337 1363 adhibuit
358 1301 441 1362 idem
459 1302 517 1363 scd
539 1303 692 1363 rarissime
713 1322 772 1363 nec
794 1304 854 1363 uisi
876 1312 929 1365 aut
947 1303 1086 1386 legitima
1101 1306 1163 1366 *ad-

196 1386 261 1447 dita
275 1403 401 1447 caesura
421 1386 480 1449 hoc
500 1387 797 1467 cst'peuthcmirncri
816 1388 882 1449 sive
896 1387 1162 1467 bephthemi'mori,

196 1479 251 1532 aut
271 1480 422 1551 sequente
442 1470 593 1532 vocabulo
616 1470 735 1532 Gracco
756 1480 792 1531 ut
813 1480 889 1552 puta
912 1469 1016 1553 [serni.
1032 1489 1066 1548 11,
1084 1475 1113 1548 6,
1133 1476 1163 1537 1.

196 1554 239 1616 ib.
255 1556 327 1617 260.
350 1576 376 1616 c.
392 1574 426 1630 11,
443 1558 471 1630 6,
490 1557 540 1617 14.
562 1573 609 1630 111,
629 1557 678 1630 16,
692 1551 747 1635 26]

228 1656 230 1659 '
265 1655 290 1705 si
307 1668 371 1705 raro
387 1653 497 1714 combis,
513 1649 520 1720 l
533 1657 567 1705 ut
582 1657 642 1705 tcto
654 1669 715 1706 non
733 1659 834 1720 quator
850 1669 924 1707 anno
1010 1686 1011 1689 =

264 1721 392 1774 exclusus
410 1722 459 1786 qui
477 1720 578 1785 distat,
595 1720 672 1787 uait!
689 1723 742 1777 ubiv
756 1738 849 1779 secum
864 1727 914 1775 eat
933 1738 970 1777 un
987 1735 1051 1780 non.

233 1836 236 1843 ⁴
263 1789 383 1855 angulus
399 1790 469 1841 ridet
483 1787 488 1853 Ι
502 1789 551 1840 ubi
566 1804 622 1841 non
638 1789 781 1856 Hymetto.
858 1835 861 1847 ,
918 1840 920 1845 ¹

263 1871 346 1922 quum
363 1857 387 1907 si
405 1855 538 1922 quidquid
556 1865 617 1908 arat
630 1854 636 1925 Ι
650 1856 761 1924 inpiger
778 1854 892 1925 Apulus.
918 1857 921 1861 ’

260 1926 384 1988 perrupit
399 1924 551 1975 Acheronta
566 1925 720 1979 Herculeus
737 1924 824 1979 labor.
849 1932 852 1937 ⁴

263 1991 288 2042 si
302 1993 360 2056 fipit
376 1993 564 2044 samonaos.
646 2032 649 2039 .

171 2074 371 2157 ,natandum
397 2076 501 2141 tamen
528 2079 674 2140 Flaccum
706 2100 743 2142 ca
768 2080 896 2140 licentia
925 2078 972 2140 uti
998 2080 1161 2155 rarissime,

193 2161 252 2221 hoc
280 2169 327 2222 est
356 2163 455 2222 sexies
487 2163 521 2222 in
548 2163 749 2239 hexametris,
786 2165 952 2244 quinquies
982 2164 1017 2225 in
1046 2165 1163 2227 melicis

194 2246 330 2309 numeris
354 2241 400 2325 [d.
415 2266 496 2309 nm.
512 2243 605 2327 331],‚
628 2268 795 2328 numquam
815 2250 850 2317 in
873 2248 991 2327 cpodis.
1027 2248 1094 2311 Nec
1114 2270 1162 2311 ro·

193 2325 272 2409 liqui
292 2340 404 2410 poetae
427 2330 547 2393 classici
568 2353 587 2392 a
610 2331 731 2397 Catullo
761 2332 835 2396 inde
856 2342 980 2413 praeter
1000 2332 1164 2411 Maronem

192 2433 323 2494 nsquam
346 2414 513 2476 admittunt
534 2416 715 2496 productam
728 2417 853 2477 finalem
874 2418 907 2477 in
930 2437 1095 2497 consonam
1110 2438 1163 2479 ex·

195 2507 320 2558 cuntem
344 2496 429 2572 (nam
450 2501 587 2561 vocalem
608 2503 705 2562 solam
720 2500 835 2582 porrigi
850 2508 951 2585 paene
973 2496 1161 2585 inauditum)

194 2583 255 2659 nisi
278 2582 512 2646 condicionibus
534 2585 590 2646 sub
613 2587 720 2647 isdem.
987 2600 991 2607 '

256 2665 401 2746 Denique
428 2669 617 2731 monendum
645 2679 840 2750 asynartctos
867 2682 988 2747 versus,
1016 2671 1163 2753 prioris

192 2752 307 2811 metri
329 2751 425 2813 finis
454 2755 486 2814 si
513 2753 625 2815 cadat
652 2755 691 2813 in
720 2757 825 2816 arsin
851 2764 886 2818 'ut
914 2758 948 2814 in
971 2757 1090 2835 ep.11‚
1110 2756 1163 2830 13,

193 2834 257 2894 frui
282 2835 409 2898 licentia
435 2838 516 2898 finiti
538 2839 657 2899 numeri
684 2838 743 2899 hoc
770 2848 817 2900 est
844 2848 878 2900 ct'
897 2840 1027 2921 ancipiti
1052 2838 1164 2902 ultima

193 2926 225 2979 ct
248 2920 390 2998 neglecto
412 2921 535 2983 hiatur

265 3019 358 3083 arguit
376 3025 405 3071 et
423 3020 505 3071 lateri
521 3020 526 3084 Ι
541 3019 645 3087 petitus
664 3022 724 3073 imo¹
733 3020 860 3089 spiritus.
919 3018 922 3023 ’
1036 3018 1039 3023 ’

262 3087 378 3138 vincere
395 3090 498 3139 mollitie
512 3084 519 3155 Ι
534 3104 610 3139 amor
627 3089 739 3155 Lycisci
756 3106 799 3141 me
818 3094 901 3143 tenet.

330 3205 376 3267 uo
398 3205 539 3269 umores
561 3224 599 3269 aa
621 3208 742 3271 manau
762 3209 872 3284 mauu
891 3174 1028 3285 noram.
1131 3196 1136 3205 '

258 3306 309 3367 De
331 3307 507 3368 auctoribus
528 3317 694 3372 metrorum
716 3330 792 3391 quoa
814 3313 848 3372 in
870 3311 985 3393 epodia
1001 3299 1164 3375 et'carmi·

192 3389 284 3450 nibus
312 3390 455 3451 adhibuit
480 3386 612 3455 Flaccus
641 3396 709 3475 ipse
740 3397 920 3477 plenissima
951 3399 1095 3478 exposuit
1128 3400 1166 3460 in

192 3474 327 3552 epistula
348 3475 483 3554 quadam
505 3477 546 3539 ad
567 3479 781 3543 Maeconmcm
800 3476 1078 3563 [r,19³,23sqq.]:
