2600 4026
493 216 601 272 nfflnn
621 217 684 275 ΠΠ.

249 400 293 444 on
314 379 400 444 enim
421 377 554 463 posthac
576 380 638 444 aliu
659 380 768 445 calebo

230 464 348 549 emine)
372 462 521 527 condisce
541 463 669 546 modos,
691 464 826 529 amende

200 547 289 613 Voce
310 568 391 631 quos
412 547 541 612 reddes:
563 548 746 613 minuentur
767 551 854 614 eltae
1048 563 1082 613 35

244 631 394 698 Carmine
416 653 519 696 curae.

524 769 677 779 ..κ-...-

556 854 637 930 ΧΠ.

202 967 376 1033 leniveris
398 967 531 1034 comites
568 989 649 1053 queo
670 990 757 1033 mare
776 971 972 1054 temperent,

201 1052 368 1137 Inpelluni
388 1051 512 1115 animae
549 1052 555 1065 '
581 1056 632 1118 tea
654 1051 821 1138 Threcice3

201 1136 272 1201 Iam
292 1157 352 1200 nec
373 1139 466 1220 preto
484 1136 606 1222 rigent,
628 1157 689 1201 nec
709 1137 798 1203 fluvii
819 1141 966 1223 strepuni

244 1220 389 1285 Hiberna
408 1220 482 1284 nive
504 1220 632 1306 lugidi.

202 1338 325 1404 Nidum
345 1338 453 1422 ponii,
475 1338 551 1422 Ilyn
571 1338 720 1403 flebiliter
740 1360 887 1424 gemens,
1067 1354 1084 1403 e

202 1422 321 1488 Infelix
342 1423 410 1487 avis
432 1426 466 1487 et
487 1422 660 1508 Cecropiae
682 1422 793 1488 domus

202 1510 380 1572 Aeternum
402 1507 624 1654 opprobrium,
647 1507 732 1591 quod
752 1507 835 1571 mele
856 1507 1006 1572 barbares

245 1590 403 1676 Regumst
456 1593 491 1655 in
510 1591 667 1656 libidines.

202 1708 325 1773 Dicunt
345 1708 380 1772 in
401 1711 511 1773 tenero
532 1709 679 1793 gramine
699 1708 868 1795 pinguium

203 1792 361 1859 Custodes
383 1793 490 1857 ovium
512 1794 652 1858 carmina
672 1793 779 1858 fistule
1052 1807 1085 1854 10

202 1877 435 1960 Delectanlque
457 1875 566 1959 deum,
588 1878 640 1942 cui
660 1899 757 1962 pecus
779 1881 812 1944 el
830 1878 918 1964 nigri

246 1959 353 2027 Colles
374 1960 530 2025 Arcadiae
550 1962 688 2046 pleseni

203 2077 373 2143 Adduxere
396 2078 483 2142 silim
503 2083 664 2175 tempora,
684 2078 825 2226 Veldffi³

204 2162 267 2228 Sed
288 2183 432 2247 pressum
454 2161 584 2228 Oehbus
606 2162 719 2228 ducere
767 2164 890 2227 rbernm

204 2247 255 2313 Si
284 2247 376 2331 estis,
398 2246 548 2312 iuvenum
569 2247 727 2312 nobilium
748 2246 861 2331 cliens,
1052 2260 1086 2308 15

245 2269 355 2397 llardo
377 2331 452 2395 vina
472 2331 652 2399 mereberis.

202 2447 306 2513 Nardi
326 2469 443 2532 parvus
465 2470 551 2532 onyx
572 2449 679 2513 eliciet
700 2449 828 2532 cadum,

204 2531 267 2608 Qui
287 2553 373 2597 nunc
395 2531 544 2617 Sulpiciis
566 2533 703 2601 adcubat
722 2533 861 2618 horreis,

204 2616 285 2701 Spes
307 2616 425 2681 donare
445 2638 546 2682 novas
567 2618 676 2702 largus
698 2639 865 2701 amaraque

247 2700 402 2767 Ourerum
424 2700 528 2766 eluere
550 2701 670 2766 efficax.
1050 2715 1086 2762 20

202 2816 257 2884 Ad
278 2840 358 2903 quae
381 2819 409 2883 si
429 2840 582 2904 properes
603 2819 734 2904 gaudie,
758 2841 830 2883 cum
850 2822 907 2885 lue

202 2902 308 2967 Velox
329 2924 434 2968 merce
455 2905 544 2968 veni:
571 2925 638 2970 non
660 2925 721 2989 ego
742 2907 775 2967 ie
796 2902 876 2967 meis

202 2987 373 3052 Inmunem
394 2987 531 3053 medicor
551 2987 676 3136 ΰίηὲθτθ
697 2987 837 3073 poculis,

245 3071 347 3136 Plena
368 3071 455 3137 dives
477 3075 514 3136 ut
533 3072 569 3135 in
612 3093 694 3138 omo.

202 3189 325 3254 Verum
346 3211 432 3273 pone
452 3211 558 3254 moras
580 3194 613 3255 et
634 3189 774 3254 studium
795 3189 874 3254 lucri
1051 3200 1085 3250 25

203 3272 443 3358 Nigrorumque
463 3294 600 3357 memor,
623 3274 698 3338 dum
719 3274 810 3357 lieet,
832 3274 956 3357 ignium

203 3356 305 3421 Misce
327 3358 498 3422 siclliliem
520 3358 661 3423 consiliis
682 3358 826 3423 brevem:

245 3438 380 3506 Dulcesl
401 3441 544 3527 desipere
566 3441 601 3506 in
621 3443 703 3507 loeo.

524 3562 676 3572 -----—

165 3594 298 3638 Hermes.
916 3599 932 3648 ’1
