2610 4028
17 278 20 321 ;
126 224 205 296 nu]
541 221 649 277 urana
668 222 691 279 1.
1037 216 1096 283 137

15 394 17 459 ζ
131 384 205 462 Quo
223 388 413 470 personatus
426 387 521 468 pacto
537 387 638 468 pater.
666 382 727 448 His
733 432 743 467 ,
759 405 820 470 ego
838 404 918 468 quae
932 406 1031 471 nunc,

12 480 15 533 l
130 469 220 534 Olim
244 491 324 555 quac
346 468 474 553 scripsit
496 467 651 552 Lucilius,
674 468 789 552 eripias
812 468 839 532 si

9 2018 11 2043 ;
134 1979 212 2045 Non
233 1980 337 2045 ubivis
360 2001 504 2046 coramve
526 1981 727 2065 quibuslibet.

130 552 293 638 Tempora
315 556 401 618 certa
427 552 617 637 modosque,
645 555 677 617 et
699 551 784 636 quod
796 553 897 701 bprius
922 553 1033 618 ordine

741 657 797 700 ver
818 640 904 701 umst

128 722 297 788 Posterius
318 721 433 804 facias,
454 740 654 806 praeponens
675 720 788 785 ultima
807 721 934 817 primis:

128 805 225 888 Non,
247 809 284 870 ut
306 805 333 868 si
355 805 459 870 solvas
482 809 663 889 ‘postquam
685 803 843 869 discordia
862 808 966 869 taetra
1064 818 1098 868 co

106 954 110 958 ,
129 889 218 955 Belli
238 890 376 955 ferratos
396 892 506 973 postca
527 893 636 987 portas
659 908 698 953 ue
719 888 879 973 refregit,'

131 973 283 1039 Invenias
305 973 401 1038 ctiam
422 972 546 1039 disiecti
566 994 651 1038 mem
673 993 709 1037 ra
729 975 852 1057 poetae.

132 1057 298 1123 Hactenus
318 1056 412 1123 haec:
435 1057 513 1122 alias
534 1057 653 1122 iustum
674 1056 717 1121 sit
736 1077 838 1122 necne
859 1078 987 1143 poema,

131 1141 228 1208 Nunc
251 1140 332 1206 illud
352 1145 477 1206 tantum
498 1162 662 1226 quaeram,
684 1140 840 1206 meritone
861 1141 922 1206 tibi
944 1142 987 1206 sit

134 1225 195 1292 Sus
237 1229 324 1291 cium
344 1246 446 1310 genus
467 1225 529 1290 hoc
551 1224 719 1291 scribendi.
762 1223 887 1290 Sulcius
908 1247 981 1290 acer
1065 1239 1098 1290 eo

132 1248 289 1375 Auienus
309 1312 342 1374 ct
355 1307 506 1393 Caprius,
527 1310 615 1375 rauci
633 1310 716 1374 male
744 1330 815 1374 cum
837 1330 877 1373 ue
902 1309 1034 1394 libellis,

132 1393 273 1479 Magnus
293 1396 426 1491 uterquc
446 1393 543 1458 timor
563 1393 756 1478 latronibus,
779 1395 812 1458 at
855 1413 914 1457 ene
936 1394 1035 1476 siquis

133 1477 179 1542 Et
199 1478 287 1542 vivat
306 1498 394 1562 puris
416 1477 578 1561 manibus,
601 1479 785 1543 contemnat
806 1479 984 1560 utrumque.

134 1560 246 1627 Visis
267 1564 304 1625 tu
325 1561 439 1626 similis
462 1561 552 1627 Oceli
571 1561 657 1626 Birri
679 1583 719 1627 ue
740 1562 915 1644 latronum,

133 1644 212 1711 Non
233 1665 294 1732 ego
317 1645 378 1710 sim
393 1644 490 1729 Capri
510 1667 533 1710 n
628 1644 649 1711 S
685 1645 728 1713 ci:
751 1666 807 1709 cur
820 1647 942 1710 metuas
958 1644 1032 1709 me?
1066 1657 1099 1707 το

134 1728 234 1795 Nulla
255 1728 387 1793 taberna
407 1749 496 1793 meos
517 1666 634 1796 heffit
652 1750 756 1814 neque
777 1729 843 1826 pila
863 1728 1004 1812 libellos,

134 1813 214 1888 Quis
227 1833 341 1911 manus
361 1812 490 1910 insudet
509 1813 599 1911 uulgi
612 1812 886 1911 Hermogemaque
903 1812 1034 1899 'ligelli3

133 1896 205 1964 Nec
226 1900 325 1962 recito
349 1917 495 1981 curquam
516 1919 580 1961 ms1
602 1919 711 1962 am101s
733 1897 827 2046 ldiiie
850 1901 1013 2046 mgicms’.

135 2064 263 2148 Scripta
275 2064 347 2129 foro
361 2066 511 2149 recitent,
534 2068 609 2130 sunt
622 2065 731 2148 multi,
746 2002 1032 2149 quiqrffiadariddi:
1067 2077 1099 2128 75

31 2201 38 2213 .
136 2148 239 2214 Suave
261 2148 350 2214 locus
372 2150 444 2213 voci
465 2152 595 2214 resonat
616 2149 793 2215 conclusus.
836 2148 953 2213 Inanes

136 2237 207 2298 Hoc
221 2234 324 2317 iuvat,
338 2231 424 2298 haud
438 2232 517 2297 illud
532 2236 733 2318 quaerentes,
748 2254 826 2296 num
841 2232 910 2297 sine
925 2253 1035 2315 sensu,

136 2316 294 2413 Tempore
315 2339 395 2381 num
413 2317 534 2382 faciant
555 2316 669 2381 alieno.
715 2315 864 2381 ‘Laedere
885 2316 1003 2401 gaudes
1009 2323 1032 2399 ,'

134 2399 247 2485 Inqmt
268 2403 313 2466 ‘et
325 2400 387 2465 hoc
402 2400 507 2466 studio
521 2423 636 2485 pravus
657 2401 759 2465 facis?
792 2399 886 2464 Vnde
900 2401 1037 2484 petitum

135 2484 208 2549 Hoc
222 2485 258 2548 in
272 2506 323 2549 me
338 2484 437 2550 iacis?
465 2485 527 2550 Est
541 2488 651 2551 auctor
672 2486 742 2570 quis
762 2484 897 2568 denique
913 2504 1037 2568 eorum,
1066 2496 1100 2547 80

134 2567 213 2633 Vixi
232 2589 307 2634 cum
329 2568 464 2653 quibus?
487 2569 663 2634 Absentem
684 2570 739 2655 qui
759 2568 845 2634 rodit
867 2569 1019 2652 amicum,

136 2651 199 2729 oui
220 2674 287 2718 non
309 2652 452 2717 defendit
473 2653 535 2718 alio
558 2652 723 2738 culpante,
747 2655 868 2719 solutos

136 2735 199 2812 Qui
221 2739 329 2821 captat
348 2738 430 2801 risus
452 2735 619 2801 hominum
639 2738 819 2822 famamque
840 2737 972 2819 dicacis,

136 2819 275 2906 Fingere
297 2820 351 2904 qui
372 2842 440 2885 non
459 2821 529 2885 visa
549 2824 670 2905 potest,
694 2822 852 2887 conmissa
870 2824 974 2886 tacere

138 2902 199 2979 Qui
207 2904 333 2988 nequit:
348 2904 402 2969 hic
413 2906 507 3002 niger
517 2908 575 2989 est,
589 2904 675 2970 hunc
686 2909 731 2989 tu,
746 2905 899 2989 Romane,
914 2907 1034 2970 caveto.
1067 2918 1100 2968 85

9 3066 10 3069 ,
138 2987 238 3073 Saepe
259 2989 363 3053 tribus
385 2989 476 3053 leotrs
498 2989 605 3054 videas
628 3008 739 3054 cenare
761 2993 948 3074 quaternos,

9 3344 11 3391 i
136 3322 276 3391 Condita
298 3346 370 3390 cum
392 3348 487 3391 verax
508 3327 611 3411 aperit

135 3071 164 3137 E
187 3072 302 3157 quibus
325 3094 407 3137 unus
430 3076 515 3137 amet
536 3073 646 3156 quavis
668 3074 856 3160 adspergere
879 3076 1010 3140 cunctos

136 3154 268 3222 Praetor
289 3177 361 3221 eum
384 3159 438 3240 qui
459 3157 592 3241 praebet
610 3162 835 3325 aqucm3qust
850 3157 940 3324 ἓξὲξ
961 3178 1036 3241 quo·

9 3408 11 3467 ἓ
120 3406 196 3475 'Hic
217 3402 281 3474 tibi
303 3411 403 3475 comis
424 3415 458 3475 et
478 3410 618 3475 urbanus
630 3324 946 3494 ilddidid'dddddi,
1063 3421 1102 3479 eo

9 3528 11 3585 5
132 3490 257 3559 infesto
280 3494 398 3580 nigris3
422 3516 482 3580 ego
505 3495 533 3559 si
554 3494 625 3578 risi,
649 3493 734 3578 quod
756 3493 882 3577 ineptus
