2610 4028
204 226 264 294 166
578 232 789 290 scammum
1106 236 1167 309 [m

204 409 253 459 sao
266 394 381 461 Dicere
423 394 489 461 uod
510 395 610 461 sentit
628 397 802 481 permitto?
845 396 998 462 ‘Maxime
1017 417 1146 484 regum,

264 480 308 545 Di
329 480 390 545 tibi
403 416 488 545 dent
509 482 603 565 capta
624 480 758 547 classem
779 480 933 547 deducere
953 480 1059 546 'Ihoia
1296 566 1297 569 Ἴ

263 564 353 650 Ergo
376 564 542 629 consulere
562 567 596 629 et
615 585 691 628 mox
711 564 904 649 respondere
925 565 1070 631 licebitl'

264 647 439 714 ‘Consule’
483 646 561 714 ‘Gur
582 648 665 712 Aiax
684 647 780 713 heros
802 648 842 714 ab
858 648 987 714 Achille
1008 650 1166 714 secundus
1296 680 1297 703 a

263 731 422 816 Putescit,
443 732 562 798 totiens
583 733 717 798 servatis
739 733 843 798 clarus
864 732 1012 817 Achivis,
1296 768 1297 785 κ

203 831 250 880 195
265 815 412 885 Gaudeat
425 820 462 882 ut
479 817 616 902 populus
629 815 749 881 Priami
762 816 970 901 Priamusque
984 816 1165 901 inhumato,

263 901 326 967 Per
347 923 441 987 quem
460 904 512 966 tot
531 902 662 967 invenes
683 901 787 985 patrio
809 922 939 967 caruere
960 901 1143 985 sepulcrol'

264 986 366 1051 ‘Mille
380 986 488 1052 ovium
502 985 633 1050 insanus
647 985 745 1051 morti
759 983 861 1070 dedit,
876 985 1023 1050 inclitum
1036 984 1167 1050 Vlixem

262 1069 306 1135 Et
323 1069 504 1138 Menelaum
526 1090 591 1133 una
611 1086 736 1135 mecum
756 1091 791 1134 se
813 1070 957 1135 occidere
978 1070 1143 1135 clamans?

263 1154 325 1218 ‘Tu
346 1174 498 1238 cumpro
519 1153 620 1218 vitula
641 1154 754 1219 statuis
776 1153 900 1219 dulcem
917 1153 1034 1218 Aulide
1054 1157 1166 1218 natam

200 1252 250 1300 roo
264 1239 350 1303 Ante
371 1258 443 1302 aras
460 1237 648 1323 spargisque
661 1239 748 1304 mola
762 1241 871 1322 caput,
893 1238 928 1303 in
949 1237 1042 1316 robe,
1065 1239 1151 1303 salsa
1296 1284 1297 1305 2

262 1321 398 1389 Rectum
423 1321 523 1387 animi
547 1321 677 1386 serras?
712 1321 893 1419 Quorsum?
914 1343 1060 1470 Ajsuerrus
1087 1287 1166 1406 quid
1296 1330 1297 1353 ³

807 1428 894 1471 emm
958 1428 998 1470 ax

262 1489 374 1557 Fecit?
408 1489 489 1558 Cum
511 1490 625 1556 stravit
644 1490 729 1556 ferro
751 1511 864 1575 pecus,
886 1490 1043 1557 abstinuit
1061 1491 1128 1555 vim

262 1574 370 1642 onre
391 1579 424 1640 et
443 1579 558 1661 gnato3
581 1574 666 1639 mala
686 1574 788 1640 multa
807 1578 954 1659 precatus
974 1574 1113 1672 Atridis,

263 1659 340 1725 Non
359 1661 415 1725 ille
429 1663 484 1724 aut
499 1658 657 1725 Teucrum
671 1662 727 1723 aut
745 1659 852 1743 ipsum
865 1659 996 1724 violavit
1009 1657 1163 1725 Vlixem?
1296 1722 1297 1733 ,

201 1758 251 1807 205
266 1743 399 1808 ‘Verum
421 1765 497 1829 ego,
519 1748 558 1808 ut
576 1741 744 1809 haerentes
765 1743 898 1808 adverso
920 1743 1013 1808 litore
1033 1764 1131 1808 naves

262 1827 444 1912 Eriperem,
466 1826 605 1913 prudens
619 1827 750 1927 ,placavi
771 1828 926 1913 sanguine
947 1827 1061 1892 divos?

263 1911 401 1996 ‘Nempe
421 1914 493 1994 tuo,
514 1910 670 1977 furiosel’
707 1910 808 1994 ‘Meo,
831 1911 886 1979 sed
907 1932 974 1977 non
1000 1912 1163 1976 firriosus.’

263 1995 337 2072 ‘Qui
358 1995 479 2080 species
500 1996 580 2059 alias
599 1996 667 2061 veri
688 1996 878 2080 scelerisque
897 1995 1037 2063 tumultu

262 2080 440 2145 Permixtas
462 2080 579 2165 capiet,
602 2083 780 2145 commotus
800 2080 983 2164 habebitur,
1005 2083 1101 2166 atquc

200 2178 251 2227 210
265 2164 449 2232 Stultitiane
471 2168 569 2247 erret,
589 2164 727 2229 nihilum
748 2164 894 2248 distabit,
916 2187 959 2229 an
978 2165 1035 2230 ira

262 2250 347 2314 Aiax
368 2271 441 2315 cum
461 2249 628 2313 inmeritos
649 2246 782 2332 occidit,
805 2248 873 2313 desi
895 2249 922 2313 it
942 2269 1060 2348 agnos3

263 2333 345 2400 Cum
365 2332 504 2419 prudens
526 2332 629 2399 scelus
650 2331 692 2397 ob
713 2332 825 2397 titulos
922 2333 988 2398 ‘ttrs
1009 2333 1139 2417 inanes,

264 2418 336 2483 Stas
351 2418 458 2483 animo
474 2421 507 2482 et
526 2419 673 2500 purumst
692 2416 769 2482 vitio
784 2416 954 2565 tibi,?cum
974 2416 1166 2483 tumidnmst

806 2522 862 2566 eor
885 2506 895 2536 ’

264 2586 370 2671 Siquis
391 2586 505 2651 lectica
525 2586 662 2651 nitidam
680 2589 807 2673 gestare
829 2587 915 2650 amet
934 2606 1067 2671 agnam

200 2684 250 2734 215
263 2670 349 2736 Huic
356 2673 478 2736 vestem
485 2673 522 2735 ut
531 2674 649 2768 gnatam
661 2673 762 2755 paret,
777 2670 910 2736 ancillas
923 2672 1025 2754 paret,
1039 2690 1165 2752 aurum,

261 2755 380 2821 Rufum
401 2758 457 2820 aut
476 2754 631 2820 Pusillam
651 2754 691 2819 ad
714 2753 790 2819 ellat
808 2754 948 2838 fortique
969 2754 1085 2817 marito

261 2838 411 2905 Destinet
424 2861 571 2905 uxorem:
592 2841 660 2903 inte
711 2842 763 2903 cto
781 2836 856 2903 huic
870 2859 966 2904 omne
980 2837 1101 2905 adimat
1114 2838 1166 2902 ius

262 2923 395 2989 Praetor
415 2926 448 2989 et
469 2924 510 2988 ad
530 2944 624 2989 sanos
646 2923 740 2987 abeat
759 2923 861 2987 tutela
881 2923 1091 3007 propinquos.

263 3006 361 3090 Quid,
383 3008 482 3092 siquis
502 3011 635 3093 gnatam
678 3027 713 3070 ro
735 3009 825 3071 muta
846 3006 979 3073 devovet
998 3026 1100 3091 agna,

199 3105 251 3155 220
263 3089 394 3176 integer
415 3094 465 3156 est
484 3092 605 3157 animi?
670 3112 687 3155 e
709 3090 835 3156 dixeris.
878 3089 967 3176 Ergo
989 3090 1046 3153 ubi
1066 3111 1170 3174 prava

264 3174 419 3259 Stultitia,
441 3174 494 3241 hic
515 3178 670 3241 summast
689 3176 828 3261 insania3
851 3175 907 3259 qui
928 3175 1118 3257 sceleratus,

263 3259 308 3324 Et
327 3259 466 3324 furiosus
488 3260 562 3344 erit,
584 3282 679 3345 quem
701 3260 786 3345 cepit
806 3260 908 3325 vitrea
927 3258 1028 3341 fama,

263 3341 359 3408 Hunc
381 3344 607 3408 circumtonuit
626 3344 770 3429 gaudens
790 3343 928 3409 fflllona
950 3342 1100 3408 cruentis.

159 3510 161 3513 ι
263 3425 359 3492 Nunc
369 3448 438 3513 age,
449 3427 608 3492 luxuriam
619 3427 896 3493 etNomentanum
907 3427 1012 3511 arripe
1021 3447 1170 3493 mecum:

201 3521 250 3570 225
264 3508 381 3575 Vincet
401 3511 487 3575 enim
508 3509 623 3576 stultos
643 3512 726 3576 ratio
748 3512 888 3579 insanire
908 3514 1051 3596 nepotes.
