2610 4028
109 240 111 247 ’
199 275 268 339 116.
608 275 756 333 cronon
859 254 862 259 ’

261 441 377 526 Opima
398 440 511 525 quodsi
531 439 648 526 praeda
670 459 765 505 curvo
787 438 881 502 litore

303 525 453 590 Porrecte
473 545 602 610 mergos
623 523 753 588 iuveris:

260 607 463 677 libidinosus
484 607 691 673 immolabitur
711 627 806 691 caper

303 693 348 759 ut
368 713 453 779 agna
473 691 740 777 Tempestatibus,

606 864 756 877 ...----

645 999 708 1074 XL

260 1132 359 1216 Petti,
380 1131 463 1197 nihil
483 1151 535 1196 me
557 1130 640 1196 sicut
660 1133 756 1195 antea
775 1130 864 1195 iuvat

303 1216 448 1282 Scribere
469 1216 641 1281 versiculos
662 1236 770 1280 amore
790 1233 975 1299 percussum
997 1211 1102 1298 gravi,

260 1302 394 1384 Amore,
417 1300 472 1385 qui
491 1320 544 1364 me
564 1302 690 1384 praeter
709 1319 822 1364 omnes
836 1297 957 1396 expetit

302 1384 455 1450 Mollibus
476 1384 512 1449 in
531 1384 638 1468 pueris
660 1383 770 1448 autin
791 1381 905 1467 puelhs
927 1400 1027 1445 urere.

198 1482 215 1532 t
263 1469 326 1534 Hic
347 1469 460 1534 tertius
477 1466 668 1551 December,
691 1487 813 1551 exque
835 1465 944 1530 destiti

303 1552 436 1618 Inachia
456 1553 574 1636 furere,
597 1552 685 1617 silvis
705 1551 863 1617 honorem
884 1549 1012 1614 decutit.

260 1637 333 1702 Heu
353 1660 420 1721 me,
441 1659 499 1722 per
519 1635 655 1718 Vrbem,
679 1658 756 1701 nam
774 1634 875 1733 pudet
896 1633 979 1698 tanti
998 1632 1091 1716 mali,

302 1721 425 1787 Fabula
446 1723 566 1806 quanta
585 1721 647 1786 fuil
681 1719 907 1786 (lanariorum
929 1721 962 1783 et
982 1717 1140 1802 paenitet,

261 1806 301 1870 In
322 1806 392 1890 quis
414 1808 573 1869 amantem
594 1805 730 1891 languor
751 1807 785 1869 et
805 1803 967 1868 silentium

199 1903 232 1952 10
304 1889 423 1975 Arguit
444 1892 476 1955 et
496 1890 595 1954 latere
615 1884 734 1973 petitus
755 1888 820 1953 imo
843 1909 858 1951 s
881 1886 981 1951 iritus.

262 1971 436 2040 ‘Contrane
456 1974 580 2038 lucrum
601 1974 649 2039 nil
670 1974 775 2039 valere
797 1910 967 2038 candidum

303 2057 456 2143 Pauperis
477 2059 672 2144 ingeniuml'
695 2059 848 2142 querebar
869 2055 1039 2139 adplorans
1060 2055 1138 2140 tibi,

261 2141 363 2208 Simul
385 2143 517 2208 calentis
539 2141 768 2207 inverecundus
790 2142 868 2207 deus
1026 2144 1029 2149 “

302 2225 484 2292 Ferridiore
506 2248 593 2292 mero
615 2229 916 2311 arcanapromorat
935 2225 1017 2290 loco.

198 2322 230 2372 15
251 2309 368 2387 “Quod
389 2311 518 2376 simois
539 2312 698 2376 inaestuet
717 2309 910 2395 praecordiis

301 2394 417 2460 Libera
437 2395 527 2479 bilis,
550 2399 587 2460 ut
606 2395 686 2460 haec
707 2396 834 2479 ingrata
852 2395 956 2459 ventis
978 2393 1100 2459 dividat
1164 2424 1171 2431 ·

258 2477 415 2543 Fomenta
436 2480 550 2544 vulnus
571 2480 619 2543 nil
639 2480 759 2544 malum
779 2479 932 2562 levantia,

302 2560 436 2627 Desinet
456 2563 619 2647 inparibus
642 2567 762 2629 certare
784 2564 948 2628 submotus
970 2563 1099 2648 pudor.’

260 2644 325 2710 Vbi
346 2644 426 2710 haec
447 2667 573 2712 severus
594 2651 628 2713 te
648 2648 756 2732 palam
777 2648 993 2731 laudaveram,

198 2741 232 2791 20
303 2728 412 2794 Iussus
434 2731 521 2796 abire
543 2732 687 2816 domum,
709 2732 835 2798 ferebar
855 2733 977 2797 incerto
999 2732 1081 2816 pede

259 2813 313 2877 Ad
333 2835 401 2878 non
422 2815 540 2880 amicos
561 2815 625 2881 heu
645 2816 726 2881 mihi
790 2819 855 2881 stes
878 2819 911 2881 et
930 2816 994 2882 heu

301 2896 428 2962 Limina
449 2900 528 2997 dura
549 2901 663 2984 quibus
684 2837 811 2965 lumlids
833 2903 866 2965 et
887 2901 1005 2987 infregi
1025 2901 1123 2968 latus.

260 2980 355 3046 Nunc
376 2983 544 3067 glonantis
567 2985 741 3068 quamlibet
761 2985 980 3050 mulierculam

304 3065 439 3132 Vincere
460 3068 596 3133 mollitie
618 3089 707 3133 amor
727 3067 853 3152 Lycisci
873 3090 925 3134 me
945 3072 1049 3155 tenet3

603 3559 753 3570 ———-.-

1295 908 1296 957 l

1295 1136 1296 1181 l

197 3160 230 3209 25
262 3148 356 3214 Vnde
378 3151 526 3235 expedire
547 3172 614 3217 non
635 3153 809 3218 amicorum
830 3156 949 3237 queant

301 3232 416 3299 Libera
437 3235 571 3300 consilia
591 3258 651 3301 nec
673 3237 883 3302 contumeliae
904 3259 1035 3322 gravem

261 3315 323 3383 Sed
344 3317 424 3382 alius
446 3319 541 3384 ardor
562 3323 617 3384 aut
660 3322 765 3386 uellae
785 3321 938 3386 candidae

302 3403 370 3465 Aut
390 3403 500 3467 teretis
521 3405 612 3487 pueri
633 3343 766 3489 lirngam
787 3405 972 3471 renodantis
995 3424 1133 3491 comam.
