2570 4022
202 239 253 296 LII
578 235 791 292 PRAEFATIO.

268 398 317 458 Ib.
330 399 393 458 120
403 403 537 472 scriptor
549 398 744 455 hemeriorum
759 401 785 454 a·
795 397 875 469 forte
889 402 1007 472 reponis
1021 398 1172 456 Achillem.

207 483 446 543 ‘Homeriacum'
467 481 518 540 vel
539 478 738 539 ‘homanum'
760 479 932 552 Bentleiue‚
963 480 1172 541 ‘honoratum'

207 568 278 628 cdd.
322 567 460 626 Priorem
481 564 681 644 praetulimus
707 563 836 624 formam
862 574 897 624 ut
923 572 955 624 et
977 565 1104 644 propius
1128 564 1172 624 di-

207 660 340 714 stantem
370 668 393 711 a'
416 649 537 711 traditio
572 657 603 708 et
631 649 770 727 exemplo
797 649 948 709 firmatam
971 648 1174 728 Priapeorum

208 736 427 799 ‘Homeriacae
440 733 616 812 edidicique
630 734 747 805 notae'‚
768 731 824 792 ubi
845 733 1041 794 membranae
1056 732 1175 793 habent

207 840 353 885 meracae.
796 844 803 877 r

271 905 320 964 Ib.
338 904 408 964 154.
439 904 471 962 Si
483 906 611 976 plosoris
625 918 701 977 epea.
729 900 889 961 Bentleiuo
902 901 1054 976 santones
1068 898 1175 960 Peerl-

209 991 345 1070 campiue
366 997 398 1049 et
414 986 590 1051 Meinekius
611 990 798 1061 spectatura,
821 986 922 1063 minue
936 985 1017 1047 bere
1037 993 1175 1064 utputo.

208 1075 290 1136 Vide
312 1092 392 1152 quae
413 1080 553 1131 notamus
576 1070 617 1130 ad
639 1091 665 1129 c.
681 1088 703 1142 1,
721 1070 770 1142 15,
788 1070 842 1145 213
867 1087 912 1143 111,
930 1071 959 1142 6,
977 1071 1026 1143 26,
1043 1071 1095 1131 30.

270 1158 318 1219 lb.
337 1158 395 1217 157
418 1161 541 1215 mutaris
561 1155 603 1228 B,
627 1155 675 1226 M,
698 1160 813 1212 naturis
833 1173 864 1213 v.

270 1242 320 1302 Ib.
335 1242 397 1300 417
420 1248 540 1314 occupet
562 1248 723 1298 ereremum
743 1240 865 1296 scabies.
908 1235 997 1297 Haec
1022 1258 1041 1296 a
1059 1236 1175 1298 Flacco
1278 1250 1279 1253 ’

209 1326 426 1388 transformata
448 1345 515 1385 esse
537 1324 576 1383 de
597 1322 748 1382 versiculo
770 1321 905 1402 quodam
926 1341 1092 1402 puerorum
1113 1323 1176 1382 Ro·
1278 1356 1279 1411 3

209 1431 368 1472 manorum
388 1416 423 1469 ut
444 1417 518 1488 puta
539 1408 598 1467 hoo

274 1491 378 1545 hibent
395 1492 518 1543 scabiem
535 1486 659 1556 quisquis
676 1489 713 1540 ad
729 1505 771 1539 me
789 1486 898 1540 venerit
915 1485 1081 1539 norissimus

210 1583 283 1642 olim
310 1578 466 1639 docuimus
493 1574 587 1654 [ann.
610 1574 686 1659 phil.
711 1576 791 1635 1864
813 1596 865 1654 pg.
887 1572 983 1654 484]
1028 1574 1078 1633 Ita
1100 1574 1179 1635 alibi
1278 1544 1279 1631 l

169 1670 173 1675 ’
210 1665 311 1726 eidem
331 1663 472 1744 proprios
495 1662 528 1720 in
549 1679 622 1720 usus
645 1659 764 1719 detorta
786 1660 941 1720 cantilena
963 1658 1119 1720 simillima

277 1743 326 1796 rix
345 1745 398 1796 erit
416 1744 463 1808 qui
479 1737 556 1795 ricta
574 1742 675 1805 faoiet3
694 1740 741 1806 qui
758 1757 813 1792 non
831 1742 932 1806 faciet,
950 1739 1007 1791 non
1026 1742 1088 1791 erit.

272 1831 321 1892 Ib.
342 1832 413 1903 459,
435 1831 477 1891 60
504 1822 579 1910 licet]
602 1832 766 1886 succurrite
794 1832 909 1902 lonpum
936 1831 1050 1887 clamet.
1093 1826 1179 1888 Huic

211 1918 318 1978 cimilia
340 1915 434 1994 plane
456 1933 492 1974 ac
513 1934 571 1997 par
593 1920 639 1971 eet
659 1912 745 1971 locus
764 1908 961 1990 Vergilianus
985 1908 1056 1993 [ecl.
1073 1911 1102 1984 3,
1120 1908 1176 1992 79]

211 2003 261 2062 ‘et
280 2002 408 2079 longum
430 1998 563 2058 formose
584 1996 667 2068 vale,
692 1994 775 2069 vale,
800 1997 915 2075 inquit,
939 1994 1047 2059 Iolla'L

274 2084 323 2145 Ib.
347 2084 406 2144 431
437 2092 469 2142 ut
494 2088 545 2159 qai
568 2082 704 2139 conducti
725 2085 845 2152 plorant
869 2082 1045 2154 infrenare,
1076 2080 1179 2140 dicunt

213 2178 241 2230 ct
258 2171 376 2244 fuciunt
399 2172 495 2241 prope
514 2170 603 2242 pluro
625 2167 784 2224 dolentibus
807 2182 847 2225 ea
873 2169 967 2224 animo
989 2169 1042 2227 ric.
1088 2163 1178 2225 Simi-

211 2256 284 2315 liter
303 2253 441 2313 Lucilius
461 2251 630 2311 lib.xrv11.

295 2362 330 2373 -
343 2333 469 2391 mercede
487 2344 558 2399 quae
576 2330 731 2381 conductae
747 2330 816 2381 flent
835 2328 926 2382 eliano
942 2331 975 2380 in
993 2330 1090 2382 fruere

260 2400 399 2469 praeficae
416 2400 503 2451 multo
520 2404 550 2450 et
566 2398 684 2463 capillos
698 2398 830 2449 acinum
845 2402 877 2450 et
892 2397 1015 2449 clamant
1032 2399 1139 2465 magia.-

213 2489 363 2568 Exemplo
376 2495 481 2548 tamen
494 2486 572 2544 haec
585 2485 683 2543 fuieee
692 2483 803 2547 Flacco
818 2505 884 2544 non
899 2485 997 2546 ausim
1013 2485 1177 2555 affirmare,
1277 2535 1278 2555 ,

213 2574 300 2633 nullo
328 2591 397 2633 cum
422 2577 512 2650 pacto
540 2570 638 2647 poerit
667 2567 868 2630 demonstrari
889 2568 1054 2629 Horatium
1081 2573 1180 2648 magis
1277 2578 1278 2641 t

213 2677 306 2738 quam
318 2657 482 2737 plerosque
503 2661 642 2714 auctores
656 2652 784 2715 Latinos
805 2652 966 2733 trochaicis
988 2662 1020 2714 ct
1035 2652 1180 2715 iambicis

213 2742 326 2803 Lucilii
347 2758 446 2801 usum.

277 2907 349 2971 Iam
398 2904 464 2970 uod
491 2900 546 2969 lon
570 2924 588 2968 e
609 2903 831 2989 gratissimum
858 2901 979 2967 accidit
999 2901 1096 2966 nobie'
1124 2924 1183 2966 ne·

214 2992 342 3076 gotium
363 3012 383 3054 a
421 2996 525 3053 metra
538 2920 649 3052 iglacci
669 2985 851 3051 enarranda
871 2986 1084 3071 accingimur.
1114 2987 1182 3051 Ne·

238 3096 279 3139 ue
300 3075 388 3139 enim
409 3092 541 3159 possum
561 3092 683 3157 negare
704 3091 787 3157 quae
803 3069 905 3156 vulgo
925 3070 1077 3135 feruntur
1097 3074 1183 3136 artis

250 3161 416 3223 eratianae
437 3156 618 3221 enchiridia
631 3157 738 3220 minus
753 3154 822 3219 fere
835 3156 919 3221 mihi
932 3155 1081 3242 probari,
1103 3177 1184 3220 curn

110 3260 112 3265 ’
214 3265 277 3307 nec
295 3243 435 3306 vetustis
457 3261 496 3305 ac
516 3239 644 3326 pridem
665 3239 840 3305 confutatio
862 3239 1026 3305 erroribus
1047 3251 1185 3306 careant

215 3327 369 3474 Kleraque
395 3344 455 3389 nec
478 3331 627 3388 recentes
647 3323 816 3390 doctorum
840 3345 938 3388 curae
959 3334 1185 3410 quo'oporte·
1276 3354 1277 3359 ¹

239 3421 272 3474 at
292 3409 403 3475 studio
424 3407 598 3471 adhibitae
614 3429 686 3472 aeae
707 3409 882 3473 videantur
900 3410 938 3471 in
959 3405 1097 3471 eisdem.
1276 3404 1277 3429 ³

585 3581 721 3588 ...η-ψ
741 3583 810 3589 Α..-
