2570 4022
189 205 256 261 xlv
567 205 779 263 PRAEFATIO.

189 382 299 424 merom
328 367 418 425 dioto.
460 362 600 424 Isidorus
627 372 720 444 etym.
746 381 818 437 xvi,
843 363 899 433 26,
925 365 964 424 13
992 363 1151 444 ‘amphora
1269 316 1270 373 ss

189 457 316 509 vocatur
329 449 413 528 quod
426 447 501 509 hino
514 456 546 508 et
559 448 634 508 inde
647 448 777 508 levetur.
803 448 882 509 haee
896 468 1006 527 maere
1025 469 1044 509 a
1057 449 1151 529 figura

189 534 238 593 sui
260 532 345 593 diota
365 533 494 606 dieitur,
522 532 606 611 quod
628 533 694 593 eius
716 551 810 593 ansae
832 533 1006 612 geminatae
1026 532 1149 594 videan-

188 625 246 678 tur'
259 635 348 678 aures
369 616 512 678 imitari’.
555 616 606 676 Ita
627 617 710 677 enim
736 635 792 695 pro
815 635 852 676 eo
872 617 959 695 quod
978 617 1073 696 vulgo
1094 617 1150 678 fer·
1269 674 1270 697 2

188 709 239 761 tur
253 701 348 762 ‘diota
363 701 485 763 dieitur'
501 699 698 761 seribendum
712 719 780 761 esse
793 699 875 760 vidit
887 701 1150 781 Zangemeisterus
1269 708 1270 777 t

188 778 281 862 [mua.
296 784 373 865 phil.
387 801 478 858 mn,
496 781 590 863 383]‚
614 785 667 863 qui
688 785 766 845 alias
787 804 852 845 non
866 785 929 845 nisi
949 787 984 845 in
1005 785 1149 864 glossario
1269 780 1270 835 t

185 868 352 930 Philoxeni
381 869 516 930 inveniri
547 868 662 929 diotam
687 877 793 929 monet
818 867 874 930 lib.
907 869 947 930 de
973 867 1050 934 Hor.
1084 888 1149 937 voe.

183 953 300 1032 angat
321 973 374 1033 os·
391 954 421 1013 ⁷·
530 1037 538 1052 ,

248 1036 298 1098 Ib.
321 1037 447 1097 9-12.
494 1036 599 1097 Minus
625 1045 708 1098 reote
738 1037 797 1097 hos
824 1056 930 1099 versus
961 1045 1149 1119 suspeotatos

187 1140 254 1182 esse
269 1140 379 1183 censeo
394 1140 414 1181 a
427 1120 601 1196 naiasin,
625 1122 678 1201 qui
692 1118 907 1195 ταυτολογίαν
928 1122 973 1183 eis
987 1121 1151 1203 exprobrat

186 1205 422 1267 intolerabilem.
464 1203 549 1286 Apte
574 1213 653 1267 vero
675 1206 794 1266 faciunt
821 1205 862 1266 ad
891 1206 1018 1269 deorum
1043 1214 1149 1286 poten-

186 1292 260 1351 tiam
277 1289 372 1370 plene
394 1289 626 1363 declarandam,
650 1309 719 1349 oum
739 1290 857 1351 seriore
870 1291 956 1352 roois
976 1290 1149 1351 intentione

185 1373 318 1454 proferri
337 1382 481 1453 oporteat
504 1374 583 1435 illud
611 1373 710 1453 ‘qui,’
737 1382 772 1434 ut
797 1393 907 1437 sensus
925 1375 969 1437 sit
988 1374 1149 1435 verborum

185 1458 237 1518 hie
263 1461 328 1519 ‘dor‘
354 1478 424 1520 oum
448 1456 559 1519 iubent
580 1460 722 1536 componi
747 1466 960 1539 tempestates,
989 1478 1031 1519 ne
1059 1460 1149 1519 vesti·

186 1544 270 1622 gium
296 1543 421 1623 quidem
448 1542 571 1623 pristini
598 1543 746 1605 tumultus
777 1543 812 1602 in
838 1543 954 1605 mundo
982 1548 1148 1604 remanet’.

184 1625 331 1688 ‘Ceterum
357 1628 477 1688 monuit
502 1646 551 1688 me
573 1625 730 1688 Vsenerus
756 1646 821 1687 non
842 1627 911 1688 aine
937 1626 1149 1688 recordatione

184 1711 245 1772 loei
271 1713 362 1772 huius
386 1711 504 1789 scriptu
524 1710 609 1790 apud
630 1709 763 1771 Statium
784 1712 859 1773 ferri
883 1711 962 1773 haee
990 1706 1105 1789 [Theb.
1126 1729 1148 1786 1,
1269 1686 1270 1729 ἢ

184 1796 256 1869 479,
281 1793 335 1876 70]
358 1796 479 1857 ‘ventis
500 1804 534 1855 ut
557 1794 713 1856 decertata
733 1794 875 1858 residunt
896 1797 1060 1875 aequora'.
1092 1850 1095 1854 .

247 1880 344 1956 1210.
365 1878 514 1941 Videnda
533 1896 614 1959 quae
635 1898 737 1958 nuper
758 1879 903 1962 disseruit
924 1877 998 1943 Otto
1019 1879 1148 1941 Iahnius
1269 1844 1270 1933 d

182 1962 318 2024 Hermae
337 1981 379 2023 111
399 1964 541 2043 pg.187.
664 2006 667 2010 -

246 2067 274 2121 1,
295 2049 346 2108 12.
371 2047 445 2108 Hoo
464 2049 600 2125 carmine
621 2049 710 2128 quasi
731 2068 790 2129 por
809 2048 966 2129 dialogum
984 2047 1149 2109 Horatium
1269 2026 1270 2049 ¹

183 2130 460 2212 egisseranlio,
477 2134 522 2195 ita
535 2141 572 2193 ut
584 2134 896 2213 mortalimprioree
910 2151 1026 2203 versus,
1040 2131 1149 2192 Musae
1269 2128 1270 2197 ᾗ

183 2217 294 2297 reliqui
313 2217 475 2292 oederent,
497 2219 607 2279 statuit
627 2216 758 2278 Iacobus
779 2218 979 2298 Beruayaius,
1000 2215 1058 2277 sed
1078 2234 1148 2295 per·

182 2320 289 2383 peram
309 2311 342 2364 et
361 2302 429 2363 sine
451 2303 602 2381 exemplo.
644 2301 696 2364 De
717 2320 779 2381 qua
798 2322 833 2363 re
855 2301 940 2365 alibi.

244 2384 293 2445 Ib.
322 2388 351 2445 1.
374 2387 448 2446 23
479 2404 563 2462 qoem
589 2392 683 2446 otram
715 2395 768 2446 aut
792 2387 885 2447 teror
910 2389 980 2460 tyra
1007 2387 1053 2444 oet
1082 2388 1151 2445 aori
1269 2396 1270 2449 t

182 2472 252 2528 tibio
273 2474 362 2529 tamir
383 2472 548 2544 castrare,
571 2471 653 2530 ctio?
673 2487 757 2547 quem
777 2473 882 2531 datm?
914 2467 1018 2529 Debet
1038 2468 1150 2531 mirum
1269 2498 1270 2543 ι

135 2566 145 2587 ¹
181 2552 282 2614 videri
309 2572 364 2614 our
383 2553 513 2616 Flaccus
534 2554 676 2634 neglecto
696 2554 829 2615 Pindari
849 2553 991 2632 exemplo
1011 2559 1045 2613 et
1064 2560 1148 2632 poet·

182 2636 288 2699 habito
308 2638 444 2699 naturali
464 2657 617 2718 quemque
637 2640 705 2719 ipae
718 2639 822 2701 statim
843 2637 1017 2699 observavit
1037 2636 1150 2699 ordine

181 2723 315 2783 virorum
336 2724 421 2802 prius
435 2731 467 2784 et
479 2724 607 2784 heroum
629 2742 722 2803 quam
743 2723 870 2784 deorum
890 2722 1078 2783 mentionem
1098 2721 1149 2779 in-

182 2807 296 2868 iecerit.
341 2805 437 2867 Cuius
457 2808 504 2869 rei
525 2826 606 2887 quae
627 2815 709 2869 esset
729 2825 837 2882 eausa,
866 2806 898 2868 d.
912 2826 939 2867 r.
953 2826 993 2869 m.
1016 2824 1067 2884 pg.
1084 2805 1148 2865 279
1269 2824 1270 2893 ι

182 2891 382 2953 ostendimus.

246 2974 295 3036 Ib.
312 2976 436 3036 9-12.
473 2973 609 3037 Omnino
630 2975 852 3038 secludendum
872 2975 1044 3036 existimavi
1064 2973 1150 3035 hano

181 3060 339 3140 stropham
356 3061 418 3121 iam
437 3062 528 3121 annis
548 3061 663 3122 abhinc
675 3076 732 3136 xv3
756 3079 828 3119 nam
841 3067 877 3119 ut
891 3060 953 3119 alia
966 3059 1084 3119 mittam
1098 3058 1149 3116 in-

182 3152 287 3223 eptum
299 3153 348 3206 est
358 3154 390 3206 et
400 3146 541 3224 exemplo
554 3164 662 3206 oarens
674 3141 869 3222 dioiOrphea
879 3161 1010 3222 quereus
1022 3141 1151 3202 duxisse

180 3227 292 3290 fidibus
314 3231 434 3291 canoris
447 3236 610 3309 postquam
630 3227 721 3289 modo
738 3227 858 3289 dixerat
870 3226 1020 3288 Horatius
1040 3226 1148 3299 silvas,

182 3330 312 3390 quarum
336 3322 370 3374 et
389 3315 476 3392 ipsae
497 3333 569 3393 pars
590 3320 664 3373 sunt
689 3330 834 3392 quereus,
868 3311 956 3372 illum
983 3318 1152 3371 canentem

182 3414 250 3456 esse
277 3397 441 3457 insecutos.
490 3397 610 3477 Nempe
637 3396 722 3477 quod
746 3416 843 3476 saepe
870 3403 1034 3456 ooourrunt
1059 3391 1151 3473 apud

133 3552 135 3557 Ι
181 3489 288 3560 poetas
314 3480 427 3542 similia
447 3499 527 3560 quae
547 3480 714 3542 videantur
734 3482 835 3542 minus
862 3479 990 3540 curiosis
1011 3475 1150 3538 utillud
1269 3556 1270 3571 ἶ
