2570 4022
154 235 209 290 XII
524 231 752 292 PRAEFATIO

155 394 282 454 nonnisi
295 394 481 472 picturarum
495 390 548 451 vel
557 398 726 451 statuarum
715 390 869 482 peritis
858 410 892 449 ιιι
903 389 1051 455 auxilium
1063 387 1118 449 ad·

155 477 262 538 bibitis
278 486 405 556 possent
426 474 585 554 intellegi,
603 461 728 535 minimd
749 483 852 534 autem
874 475 1008 549 omnium
1022 474 1117 534 horni-

156 581 212 622 nes
237 562 403 622 Romanos.
448 558 533 637 Quid
561 559 665 631 enim?
694 558 810 618 Nonne
834 567 965 618 testatur
991 554 1119 617 Tacitus

158 643 253 724 [dial.
277 646 316 705 de
338 664 382 706 or.
405 640 466 722 10]
495 628 660 722 populares
687 654 759 703 suos
780 643 915 721 picturas
944 650 975 702 et
1000 650 1119 701 statuas

158 750 226 790 cum
239 728 500 790 somelvidissont
513 728 646 786 transire
666 736 698 786 et
717 745 786 787 esse
805 726 988 788 contentos?
1009 725 1119 786 Hosne

157 833 231 892 ergo
251 822 317 873 tarn
337 814 450 873 acriter
477 829 602 871 curasse
622 819 713 889 putas
734 830 783 870 res
802 811 892 883 istas,
920 819 955 870 ut
977 809 1118 870 obscura-

157 905 228 958 rent
247 897 343 957 libros
357 895 525 956 inserendo
546 914 636 973 quae
632 913 730 954 nemo
745 895 807 954 nisi
826 894 928 954 eidem
941 892 1012 953 urbi
1026 902 1121 992 atque

157 982 236 1042 adeo
257 981 356 1041 isdem
374 978 630 1059 pinacothecis
605 998 671 1039 srve
690 978 812 1058 templis
833 996 871 1038 ac
883 971 1081 1057 porticibus
1072 997 1119 1036 ιιι-

157 1066 290 1125 nutritus
316 1073 420 1143 posset
447 1063 722 1142 intellegeroi-
733 1063 915 1141 Quantum
947 1061 988 1122 ad
1014 1061 1120 1123 Flacci

156 1148 266 1221 verba,
304 1149 428 1209 omnino
454 1147 668 1227 reponendum
694 1166 762 1207 cum
789 1146 932 1207 Bentleio
960 1154 994 1205 et
1016 1144 1121 1205 Fabro

159 1233 238 1296 illud
261 1232 400 1292 ‘Marsi'.

220 1315 269 1376 Ib
283 1317 323 1374 41
346 1322 407 1376 cicc
427 1325 540 1376 mutato
559 1306 689 1378 iocosam
702 1320 800 1393 (tyara
823 1319 918 1374 ctas
905 1334 936 1373 m
952 1320 1041 1374 terris
1059 1320 1120 1372 ιπηι-
1173 1308 1180 1325 ’
1270 1306 1271 1321 ’

159 1407 236 1460 toria
260 1404 356 1460 dorae
382 1405 462 1477 fitius
482 1403 592 1460 Maiae
635 1400 797 1479 Expressit
823 1400 901 1461 baec
923 1397 1118 1477 Calpurnius,

158 1486 436 1651 qlqplmlppqpqaqcm
456 1485 552 1579 luisse
572 1484 691 1544 Neroni
719 1485 873 1545 existimat
893 1482 1051 1562 Hauptius
1076 1483 1122 1541 ita

228 1613 236 1643 i

293 1672 326 1716 tu
343 1681 451 1733 quoque
467 1671 575 1718 mutata
593 1680 643 1718 sen
658 1667 811 1732 Iuppiter
801 1679 863 1733 ipse
873 1662 970 1731 ligura

294 1732 400 1785 Caesar
415 1733 485 1785 ades
502 1739 557 1784 etc.

159 1817 296 1880 Omnino
317 1828 400 1880 totus
421 1821 507 1880 locus
528 1819 745 1880 conferendus.

223 1903 366 1982 (ictorum
379 1904 473 1965 valde
486 1913 535 1965 cst
546 1904 717 1983 optandum
731 1905 863 1965 existere
875 1902 1052 1983 aliqnando,
1068 1904 1122 1982 qui

160 1988 285 2066 colligat
306 1989 447 2068 exempla
467 1989 645 2048 imitationis
659 1988 849 2049 Horatianos
869 1997 1022 2068 quotquot
1033 2007 1120 2065 repc-

160 2073 282 2131 riuntur
303 2073 387 2151 apud
407 2081 529 2152 poetas,
552 2092 618 2131 non
638 2072 721 2151 quod
735 2080 841 2152 putem
861 2072 929 2132 foro
950 2080 985 2131 ut
1004 2091 1046 2132 ex
1066 2071 1122 2130 tali

161 2175 254 2234 opere
270 2156 425 2226 commodi
446 2157 610 2236 quicquam
630 2157 671 2216 ad
691 2155 787 2216 verba
800 2155 905 2215 Flacci
927 2154 1123 2216 emendanda

159 2240 328 2314 redundet,
351 2236 408 2300 sed
427 2249 463 2299 ut
475 2240 601 2300 tandem
622 2249 728 2320 aperte
750 2248 898 2320 appareat
912 2259 973 2319 quo
995 2258 1053 2311 usu
1068 2240 1122 2300 ille
1270 2268 1271 2305 1

160 2342 282 2402 quaque
309 2324 516 2403 popularitate
547 2324 631 2403 apud
657 2325 812 2385 Romanos
843 2324 986 2402 viguerit.
1040 2323 1122 2383 Eum
1217 2368 1219 2370 -
1270 2324 1271 2399 g

159 2426 253 2486 saepe
268 2429 287 2467 a
300 2409 433 2469 satiricis
447 2428 623 2486 expressum
636 2410 810 2470 imitatione
822 2416 871 2468 sat
882 2415 1013 2480 constat,
1033 2426 1121 2486 prae·
1270 2422 1271 2437 ¹

160 2500 246 2550 terea
266 2491 305 2550 ab
321 2489 435 2551 Ouidio
456 2493 592 2571 aequali,
614 2501 680 2553 tum
700 2514 720 2553 a
734 2491 870 2565 Seneca,
890 2492 960 2571 ipsa
980 2511 1121 2552 numero·

160 2595 227 2634 rum
248 2575 450 2636 similitudine
471 2576 505 2635 id
526 2577 725 2650 conciliante,
755 2596 899 2637 necnon
920 2574 959 2635 ab
980 2575 1121 2635 Ausonio

160 2662 253 2737 poeta
273 2658 465 2720 scholastico.
492 2659 663 2740 Aliquanto
676 2663 774 2721 rarius
788 2662 884 2721 ceteri
903 2659 1037 2720 eundern
1050 2668 1122 2719 sunt

161 2744 275 2816 secuti,
298 2743 491 2827 frequentius
512 2753 616 2805 tamen
637 2764 729 2825 quam
751 2745 885 2806 creditur
905 2745 1009 2824 vulgo.

223 2844 245 2900 1,
261 2828 290 2899 3,
310 2829 348 2887 18
370 2834 421 2904 qur·
439 2835 528 2889 siccis
548 2834 652 2888 nemis.
694 2830 889 2909 Suspectavit
909 2829 987 2889 illud
1009 2828 1121 2889 ‘siccis‘

159 2909 337 2985 Bentleius,
361 2912 418 2973 sed
437 2911 519 2973 bene
540 2913 678 2973 adseruit
697 2913 935 2993 Peerlcampius

223 3013 249 3067 r,
267 2996 301 3068 4,
322 2998 372 3057 16.
401 2997 473 3057 Non
494 2997 588 3057 oredo
607 3006 690 3057 recte
712 2997 904 3077 corruptelae
925 2999 1047 3077 signum
1068 2995 1122 3057 ad-

159 3081 300 3158 posuisse
318 3080 508 3143 Meinekium
530 3080 578 3140 bia
600 3100 679 3160 quaa
700 3090 773 3140 sunt
793 3081 982 3160 fabulaeque
1001 3082 1121 3142 Manes.

158 3164 270 3243 Neque
290 3166 372 3225 enim
385 3165 477 3226 rideo
492 3184 553 3244 quo
574 3166 641 3225 iure
662 3166 768 3244 inepte
790 3164 853 3226 dici
874 3165 1039 3225 credantur
1059 3184 1122 3225 ma-

159 3267 216 3308 nes
237 3249 427 3309 sermonibus
447 3248 605 3309 bominum
625 3248 789 3328 plurimum
808 3250 956 3310 celebrati
982 3259 1017 3319 ut
1038 3250 1124 3328 apud

160 3332 293 3393 eundem
313 3333 476 3392 Horatium
497 3341 582 3392 extat
602 3332 726 3392 ‘fabula
740 3343 857 3413 quanta
871 3334 934 3393 lbi'
957 3342 989 3394 et
1009 3333 1125 3394 similia

159 3415 244 3474 alibi.
288 3414 381 3494 Quod
403 3425 550 3476 notarunt
570 3417 630 3476 riri
649 3417 734 3477 docti
753 3419 837 3478 bunc
857 3418 958 3477 locum
980 3417 1124 3478 obversa-

158 3506 223 3560 tum
238 3518 305 3560 esse
318 3500 427 3561 Persio
447 3520 516 3561 cum
536 3500 683 3561 scriberet
705 3496 748 3580 [v,
765 3499 842 3581 152]
866 3502 955 3564 ‘cinis
970 3511 1002 3562 et
1014 3518 1125 3563 manes
