2610 4028
216 207 277 272 146
381 270 383 273 ,
449 294 452 303 y
587 208 799 267 submissu

652 411 733 486 VII.

275 543 451 628 Proscripti
471 542 571 628 Regis
592 541 701 626 Rupili
723 563 783 625 pus
805 546 900 627 atque
920 564 1079 609 venenum
1290 596 1291 609 ,

275 628 421 713 Hybrida
441 648 504 712 quo
525 630 620 711 paeto
642 627 685 691 sit
705 624 832 693 Persius
854 627 955 712 ultus,
977 628 1093 712 opinor
1211 670 1215 676 -
1290 639 1291 705 J

277 712 433 777 Omnibus
455 715 488 776 et
508 711 605 795 lippis
625 714 739 775 notum
761 714 793 775 et
813 712 997 776 tonsoribus
1017 732 1097 776 esse.
1290 728 1291 761 l

274 796 403 862 Persius
423 795 477 861 hio
496 815 672 880 permagna
692 796 825 879 negotia
846 795 933 860 dives
953 794 1094 860 habebat

209 893 229 944 5
276 880 491 963 Clazomenis,
513 880 609 943 etiam
630 879 704 943 lites
726 900 799 943 oum
819 877 909 965 Bega
928 879 1096 961 molestas,

274 963 383 1030 Durus
403 964 535 1029 homos
570 984 611 1027 ue
625 962 699 1028 odio
714 963 769 1046 qui
782 966 892 1047 posset
901 965 1028 1029 sineere
1038 962 1181 1061 Regem,
1290 1036 1291 1061 ,

276 1048 448 1114 Confidens
468 1048 550 1112 turni
571 1068 688 1131 usque,
711 1047 789 1112 adeo
812 1048 967 1115 sermonis
988 1068 1107 1131 aman,

276 1132 442 1216 Sisennae,
464 1130 583 1196 Barros
604 1137 641 1196 ut
661 1132 751 1216 equis
772 1136 989 1215 praecurreret
1009 1132 1101 1196 albis.
1175 1194 1177 1199 ,
1290 1120 1291 1143 i

275 1217 460 1303 AdRegem
479 1215 585 1282 reden.
616 1215 792 1299 Postquam
805 1214 888 1281 nihil
908 1216 993 1280 inter
1005 1219 1181 1300 utrumque

213 1315 246 1365 10
279 1300 439 1368 Convenit
461 1299 536 1386 (hoo
557 1301 675 1366 etenim
696 1303 772 1364 sunt
789 1321 900 1365 omnes
921 1301 989 1364 iure
1009 1300 1154 1384 molesti,

276 1386 346 1463 Quo
360 1386 474 1470 fortes,
497 1385 612 1470 quibus
627 1385 793 1450 adversum
808 1384 929 1451 bellum
943 1384 1070 1449 inuidit:
1092 1384 1180 1448 inter
1290 1406 1291 1409 ¹

275 1470 416 1535 Hectora
424 1469 607 1534 Priamiden
620 1469 800 1533 animosum
813 1472 908 1553 atque
921 1469 1005 1533 inter
1014 1466 1179 1535 Achillem

275 1554 329 1619 Ira
348 1555 411 1620 fuit
432 1554 592 1638 capitalis,
614 1557 651 1617 ut
670 1553 786 1618 ultima
807 1553 962 1618 divideret
981 1573 1085 1635 mors,

275 1639 352 1704 Non
365 1639 462 1704 aliam
476 1639 518 1703 ob
533 1659 676 1720 eausam,
697 1637 761 1701 nisi
778 1636 864 1720 quod
877 1637 977 1702 virtus
991 1637 1027 1700 in
1039 1639 1179 1719 utroque
1290 1632 1291 1687 l

212 1737 245 1786 15
278 1722 410 1789 Summa
429 1722 505 1806 luit3
528 1721 590 1787 duo
612 1722 640 1786 si
661 1721 820 1786 dissordia
839 1725 933 1786 vexet
952 1722 1070 1785 inertes

275 1809 343 1871 Aut
363 1807 391 1871 si
413 1806 592 1889 disparibus
612 1805 732 1871 bellum
753 1805 889 1889 incidat,
911 1809 947 1870 ut
967 1802 1118 1868 Diomedi

276 1890 358 1956 Cum
378 1889 476 1974 Lycio
499 1889 620 1955 Glauco
657 1889 799 1955 discedat
818 1889 955 1975 pigrior,
976 1880 1062 1952 ultro

275 1975 461 2039 Muneribus
481 1974 602 2060 missis)
623 1940 724 2039 Bruto
745 1978 893 2059 prestere
913 1976 1044 2038 tenente

274 2058 383 2134 Ditem
399 2059 527 2142 Asiam,
547 2057 655 2142 Rupili
670 2061 704 2122 et
715 2058 806 2123 Persi
819 2080 878 2143 par
892 2059 1017 2206 puffat
1045 2056 1095 2121 uti
1108 2077 1179 2120 non
1290 2040 1291 2111 i

209 2157 245 2207 ab
275 2134 486 2229 Conpositum
506 2143 621 2208 melius
641 2164 714 2207 eum
735 2141 832 2207 Bitho
853 2142 938 2207 Baee
964 2106 1030 2206 'us'
1064 2140 1105 2205 In
1126 2141 1179 2204 ius

273 2230 374 2293 Aeros
395 2231 600 2312 procurrunt,
621 2248 775 2312 magnum
796 2227 1011 2311 speetaeulum
1032 2227 1180 2308 uterque.

273 2311 401 2377 Persius
423 2312 554 2398 exponit
575 2332 716 2396 oausam3
738 2311 859 2375 ridetur
880 2311 920 2375 ab
942 2310 1032 2375 omni

274 2395 456 2482 Conventu3
479 2396 588 2462 laudat
608 2394 745 2460 Brutum
765 2394 861 2460 lauda
896 2416 937 2459 ue
959 2393 1142 2460 eohortemt

275 2479 382 2545 Solem
402 2481 499 2544 Asiae
520 2479 656 2544 Brutum
675 2479 815 2563 adpellat
839 2482 886 2544 ste
912 2499 1010 2563 usque
1032 2477 1182 2541 salubres

210 2576 244 2626 25
275 2563 429 2662 Appellat
451 2566 596 2646 comites,
619 2568 751 2648 excepto
772 2562 874 2649 Bege3
898 2562 1019 2628 Canem
1039 2561 1151 2644 illum,

273 2647 417 2712 lnnsum
439 2647 588 2732 agricolis
610 2647 697 2711 sidus
734 2648 867 2713 venisse.
910 2646 1038 2711 Ruebat

273 2731 409 2797 Flumen
429 2734 466 2795 ut
485 2730 669 2815 hibernum,
690 2697 791 2795 iertur
813 2752 876 2816 quo
896 2752 971 2795 rara
992 2729 1123 2795 securis.

272 2816 355 2881 Tum
376 2815 602 2883 Praenestinus
623 2816 707 2880 salso
729 2815 893 2899 multoque
914 2815 1027 2879 fluenti

272 2900 433 2985 Expressa
453 2900 583 2964 arbusto
604 2900 723 2984 regerit
743 2899 896 2983 convitia,
918 2899 1016 2964 durus

208 2997 244 3046 30
273 2983 494 3048 Vindemietor
516 2987 549 3048 et
567 2983 721 3065 invictus,
743 2984 794 3048 eui
815 3005 910 3067 saepe
932 2982 1036 3047 nator

274 3059 431 3132 Cessisset
451 3089 569 3153 magna
590 3067 775 3151 conpellans
796 3088 874 3133 voce
896 3067 1053 3132 cuculum.
1107 3098 1111 3103 ·

273 3153 320 3215 At
341 3150 494 3234 Graecus,
516 3154 718 3236 postquemst
737 3148 819 3216 Italo
840 3152 988 3236 perfusus
1010 3154 1117 3235 aneto,

272 3234 401 3300 Persius
424 3235 594 3300 exclamat:
623 3242 864 3320 permagnos,
886 3234 1000 3319 Brute,
1023 3232 1101 3300 deos
1122 3238 1162 3299 te

275 3318 354 3405 Ore,
398 3319 433 3383 ui
453 3340 546 3403 reges
569 3320 732 3383 consueris
753 3320 865 3384 tollere
903 3341 960 3384 eur
980 3339 1048 3383 non

208 3415 243 3463 35
275 3401 370 3468 Hune
432 3423 506 3487 gem
525 3401 674 3485 lumilas?
712 3403 851 3550 Operum
871 3368 949 3487 hoe,
961 3401 1052 3550 ᾔπιιΙιι
1067 3401 1182 3486 erede,

831 3508 961 3552 uorums

616 3571 767 3584 ...ι-..η
