2610 4028
146 268 230 340 viu]
585 268 701 328 uiuus.
823 256 826 263 ⁴

597 467 796 543 VII„

241 598 326 684 Quo,
348 621 412 684 quo
433 600 560 665 scelesti
579 600 696 665 ruitis?
729 604 785 666 aut
806 623 862 667 our
883 602 1021 668 dexteris

173 712 176 716 >
282 684 445 768 Aptsntin
466 705 558 749 enses
579 683 722 750 eonditi?

239 768 399 833 Parumne
419 769 540 853 eampis
552 770 657 866 ⁸atque
677 767 830 867 Neptuno
852 793 948 855 super

281 852 433 917 Fusumst
453 852 561 917 Lstim
582 875 641 918 ssn
698 875 764 936 rus,

238 935 315 1002 Non
335 939 373 1001 ut
392 937 545 1022 superbos
567 937 634 1001 invi
655 958 693 1003 ae
715 936 921 1025 Carthaginis
1104 956 1121 1005 5

280 1020 445 1086 Romanus
467 1024 557 1087 arees'
576 1025 696 1105 ureret,
1120 1081 1122 1085 .

238 1103 383 1170 Intaotus
405 1109 461 1170 eut
479 1104 655 1171 Britannus
676 1108 713 1170 ut
735 1106 941 1173 descenderet

281 1188 379 1254 Sacra
400 1192 565 1254 catenatus
587 1190 652 1273 via,

237 1272 301 1338 Sed
320 1277 358 1338 ut
379 1273 552 1339 seeundum
572 1277 649 1338 vota
669 1273 860 1340 Parthorum
882 1298 940 1341 sus

279 1357 364 1423 Vrbs
385 1357 464 1423 haee
484 1359 603 1443 periret
628 1358 778 1423 dextera?

238 1441 271 1508 N
310 1464 351 1506 ue
372 1441 425 1507 hio
446 1443 530 1527 lupis
545 1464 615 1507 mos
635 1464 695 1507 neo
716 1443 779 1507 fuit
799 1443 963 1530 leonibus,

312 1547 464 1611 umquam
484 1527 548 1592 nisi
568 1529 604 1592 in
625 1525 734 1611 dispar
754 1527 840 1593 feris.

236 1609 379 1675 Furorne
401 1632 512 1677 osseos
534 1633 577 1676 an
596 1611 683 1695 rspit
702 1611 751 1676 vis
772 1612 876 1676 aerior

278 1695 333 1759 An
354 1695 470 1779 strips?
501 1695 703 1781 Responsum
727 1695 812 1760 date!

236 1777 372 1863 Tsoent,
395 1783 428 1844 et
448 1780 539 1845 albus
561 1801 618 1845 ore
638 1779 742 1864 pallor
762 1781 865 1845 inficit

278 1862 463 1947 Montesque
484 1864 648 1948 perculsae
670 1868 808 1949 stupent.

237 1945 289 2012 Sis
310 1949 374 2011 est:
397 1948 512 2013 aeerbs
531 1948 600 2013 fata
620 1947 783 2014 Romanos
805 1953 907 2035 agunt

278 2030 450 2116 Scelusque
470 2033 631 2099 fraternae
655 2033 757 2115 neeis,

235 2113 280 2179 Vt
299 2114 486 2182 inmerentis
506 2117 599 2181 fluxit
619 2118 654 2180 in
674 2120 792 2182 terrem
812 2117 906 2183 Remi

277 2197 373 2264 Saeer
392 2200 563 2284 nepotibus
586 2221 687 2265 eruor.

233 2618 281 2685 Ro
305 2643 357 2718 ere
379 2622 477 2718 longo
499 2620 643 2705 putidum
665 2624 697 2686 te
719 2623 861 2708 saecule,

233 2728 378 2854 etth
388 2705 465 2853 tt?
480 2727 581 2854 3215?
580 2709 669 2855 tt?
670 2728 812 2877 uus
834 2794 925 2857 vem

273 2872 427 2938 Frontem
448 2877 594 2940 senectus
617 2877 741 2959 exaret,

230 2954 368 3042 Hietque
388 2958 491 3106 turpis
512 2959 597 3023 inter
618 2959 722 3024 aridus
743 2963 834 3025 nates

271 3041 379 3106 Podex
401 3064 439 3107 ve
451 3045 488 3107 ut
509 3043 624 3109 erudas
645 3045 758 3110 bovis?

230 3122 292 3190 Sed
312 3127 426 3191 incitat
446 3150 497 3192 me
518 3131 629 3212 pestus
651 3132 685 3193 et
704 3151 861 3196 mammae
882 3134 1008 3216 putres,

269 3209 398 3294 Equina
419 3212 529 3296 quales
551 3213 663 3297 ubera,

228 3291 409 3380 Venterque
431 3297 538 3361 mollis
561 3301 593 3363 et
613 3298 717 3362 femur
737 3299 934 3365 tumentibus

270 3377 362 3444 Exile
384 3382 467 3447 suris
489 3381 654 3447 additum?

228 3460 307 3526 Esto
329 3464 439 3549 besta,
460 3466 557 3531 funus
579 3470 674 3550 atque
696 3467 852 3553 imagines

269 3546 397 3614 Ducant
416 3550 625 3635 triumphales
646 3553 752 3635 tuum,
