2610 4028
149 168 226 244 xa]
582 168 698 223 amaa.

598 367 676 442 XV.

151 501 230 568 Nox
252 502 320 566 erat
342 502 374 568 et
395 499 483 565 caelo
504 498 649 584 fulgebat
670 497 762 564 Luna
783 520 895 565 sereno

197 585 288 650 Inter
308 585 435 649 minora
458 583 578 667 sidera,

149 668 239 736 Cum
259 671 312 752 tu,
332 689 524 754 magnorum
543 689 663 733 numen
684 668 809 733 laesura
830 667 978 752 deorum,

197 753 239 818 In
259 753 356 818 verba
377 752 503 817 iurabas
525 774 611 835 mea,

8 880 10 895 ι
149 839 268 904 Artius
290 840 384 921 atque
405 835 522 903 hedera
543 858 676 921 procera
696 836 907 922 adstringitur
927 837 1007 921 ilex,
1104 849 1121 899 o

198 921 309 986 Lentis
331 919 507 986 adhaerens
529 920 683 1004 brachiis,

149 1004 243 1071 Dum
287 1005 372 1071 eoori
393 1006 487 1090 lupus
508 1007 542 1069 et
561 1006 667 1070 nautis
689 1004 823 1071 infestus
846 1002 946 1071 Orion

198 1029 348 1155 Turbarit
368 1089 538 1155 hibernum
558 1111 661 1172 mare,

151 1173 370 1258 Intonsoeque
392 1174 523 1260 agitarit
544 1174 706 1258 Apollinis
727 1195 805 1239 aura
827 1175 974 1260 capillos,

198 1257 281 1324 Fore
305 1259 392 1323 hunc
413 1279 554 1323 amorem
574 1262 731 1323 mutuum.
1089 1272 1122 1321 10

150 1342 185 1409 0
207 1343 347 1408 dolitura
366 1364 438 1408 mea
459 1342 595 1409 multum
616 1343 733 1408 virtute
753 1342 892 1409 Neaera!

197 1425 283 1492 Nam
306 1426 410 1512 siquid
431 1427 466 1491 iu
487 1425 602 1492 Flacco
625 1427 716 1492 viriet
722 1474 731 1510 ,

149 1510 234 1576 Nou
253 1511 336 1577 feret
357 1510 505 1577 adsiduas
526 1511 644 1596 potiori
665 1513 699 1576 te
720 1510 795 1575 dare
816 1515 941 1595 noctes,

198 1593 243 1659 ut
264 1598 395 1679 quaeret
414 1595 514 1660 iratus
539 1617 663 1680 parem:

151 1678 225 1744 Nec
247 1680 346 1745 semel
367 1679 506 1744 offensae
528 1679 620 1745 cedet
639 1679 820 1744 constantia
840 1679 976 1763 formae,
1089 1694 1121 1742 15

200 1762 234 1829 si
256 1766 360 1829 certus
381 1764 510 1828 intrarit
530 1763 630 1829 dolor.
1151 1791 1154 1795 ·

150 1848 203 1912 At
222 1851 274 1931 tu,
296 1848 510 1996 ‹puioumque's
532 1847 657 1913 felicior
678 1851 772 1934 atque
793 1869 865 1915 meo
886 1870 972 1915 nunc
1074 1895 1078 1901 -

200 1931 301 2016 Super
322 1953 361 1996 us
382 1932 503 1999 incedis
524 1932 624 2015 malo,

152 2014 208 2082 sis
230 2036 345 2164 pecore
366 2019 400 2080 et
419 2017 520 2081 multa
541 2016 629 2081 dives
650 2016 764 2082 tellure
786 2017 896 2083 licebit

199 2099 239 2164 li
261 2100 334 2184 ique
355 2099 511 2168 Pactolus,
527 2100 619 2183 fluat,
1087 2115 1122 2164 20

154 2183 227 2250 Nec
247 2187 280 2249 te
301 2183 503 2269 Pythagorae
523 2185 639 2249 fallant
658 2205 773 2249 arcana
793 2186 911 2269 renati,

198 2267 376 2352 Formaque
397 2268 507 2334 vincas
529 2269 642 2351 Nirea,
997 2280 1001 2286 '

153 2349 265 2434 Eheu,
286 2353 459 2418 translatos
481 2353 545 2418 alio
567 2353 721 2418 maerebis
746 2373 881 2418 amores.

198 2437 262 2501 Ast
282 2457 342 2522 ego
364 2437 505 2503 vicissim
524 2437 635 2502 risero.

562 2612 711 2624 ...u-n...—

586 2729 671 2802 XVI

151 2860 270 2927 Altera
290 2860 355 2925 iam
375 2859 488 2924 teritur
509 2860 602 2925 bellis
624 2862 769 2933 civilibus
791 2864 892 2946 aetas,

199 2943 271 3010 Suis
293 2948 326 3009 et
345 2945 416 3029 ipsa
435 2943 540 3009 Roma
560 2945 680 3009 viribus
700 2946 780 3011 ruit:

152 3027 260 3105 Quam
280 3050 384 3113 neque
404 3028 532 3093 finitimi
553 3029 722 3095 valuemnt
740 3030 872 3115 perdere
892 3029 1006 3115 Marsi,

198 3112 335 3178 Minacis
357 3116 413 3176 aut
432 3111 569 3178 Etrusca
589 3113 750 3179 Porsenae
771 3137 899 3199 manus,

152 3196 294 3263 Aemula
314 3219 374 3262 nec
395 3197 496 3262 virtus
519 3196 566 3263 Oa
588 3219 663 3282 uae,
684 3221 745 3264 neo
766 3199 938 3284 Spartacus
961 3220 1033 3264 acer
1104 3210 1120 3261 5

197 3280 361 3365 Novisque
381 3281 476 3357 rebus
499 3220 636 3346 infidblis
657 3283 830 3366 Allobrox,

150 3365 226 3431 Neo
246 3365 314 3430 fera
336 3364 479 3431 caerulea
500 3365 624 3431 domuit
645 3367 815 3432 Germania
836 3366 920 3449 pube

196 3450 451 3534 Parentibusque
472 3450 674 3516 abominatus
695 3450 871 3536 Hannibal,
