2610 4028
158 880 161 887 .
283 786 926 915 nersuvuuavu

469 1013 576 1069 LIBER
592 1013 736 1071 PRIMVS.

499 1184 502 1187 ’
586 1187 615 1262 Ι.

121 1283 247 1382 Prima
268 1317 351 1381 dicte
373 1315 468 1401 mihi,
492 1338 615 1383 summa
636 1318 768 1383 dicende
790 1316 943 1401 Camena,

123 1401 145 1468 S
187 1404 306 1466 ctatum
329 1401 405 1466 satis
427 1404 460 1466 et
480 1401 634 1466 donatum
655 1401 720 1466 iam
740 1401 819 1467 rude
840 1405 980 1486 quaeris,
1086 1422 1088 1425 ·

158 1505 307 1568 aecenas,
329 1484 444 1549 iterum
467 1486 597 1569 antiquo
619 1507 671 1550 me
692 1484 854 1550 includere
876 1486 972 1551 ludo?

122 1569 199 1636 Non
220 1568 364 1633 eademst
384 1572 486 1653 aetas,
509 1590 576 1634 non
596 1591 696 1635 mens.
739 1567 892 1635 Veianius
915 1570 1010 1635 armis

122 1652 270 1719 Herculis
292 1652 333 1716 ad
354 1656 478 1738 postem
498 1653 570 1718 fixis
592 1653 671 1720 latet
692 1653 818 1719 abditus
840 1675 934 1739 agro,
1068 1666 1085 1716 5
1239 1694 1271 1731 4-

121 1737 172 1803 Ne
192 1736 348 1821 populum
369 1740 510 1806 extrema
529 1737 648 1803 totiens
670 1740 780 1803 exoret
800 1759 905 1806 arena.

122 1820 183 1887 Est
203 1820 283 1885 mihi
304 1824 473 1906 purgatam
494 1821 605 1887 crebro
627 1823 680 1906 qui
693 1825 857 1906 personet
878 1843 1000 1888 aurem:

124 1904 230 1971 ‘Solve
251 1909 469 1970 senescentem
490 1909 612 1971 mature
634 1927 729 1971 sanus
751 1927 882 1990 equum,
903 1927 945 1971 ne

21 2036 22 2051 2
123 1988 239 2054 Peccet
259 1989 301 2053 ad
322 1993 497 2055 extremum
518 1989 669 2054 ridendus
691 1993 724 2054 et
744 1989 801 2055 ilia
822 1990 939 2055 ducat’

122 2072 219 2138 Nunc
240 2073 348 2156 itaque
369 2077 404 2138 et
423 2094 533 2138 versus
554 2078 587 2138 et
609 2077 714 2138 cetera
734 2074 856 2138 ludicra
876 2095 977 2159 pono3
1053 2088 1087 2137 ιο

124 2156 205 2230 Quid
222 2178 332 2221 verum
346 2160 441 2241 atque
456 2158 586 2237 decens,
602 2177 678 2222 curo
694 2159 841 2303 etropo,
864 2161 898 2222 et
917 2159 1021 2223 omnis

729 2260 765 2305 m
808 2261 846 2305 cc
867 2262 951 2325 sum3

124 2324 237 2391 Oondo
260 2327 294 2390 et
315 2346 460 2410 conpone
482 2347 561 2410 quae
582 2346 657 2390 mox
679 2324 863 2408 depromere
884 2324 1014 2407 possim.

21 2408 23 2413 ’
123 2410 172 2474 Ao
185 2430 227 2472 ne
247 2409 331 2474 forte
345 2430 454 2495 roges,
477 2430 606 2493 quomo
627 2408 720 2493 duce,
744 2428 806 2492 quo
821 2407 901 2474 Lare
921 2412 1021 2474 tuter:

122 2491 252 2559 Nullius
273 2493 417 2558 addictus
438 2494 542 2558 iurare
563 2494 599 2558 in
619 2494 767 2559 verbam
814 2493 896 2576 stri,
1002 2522 1006 2527 ·
1217 2518 1221 2555 ᾳ
1251 2506 1276 2549 ῑῖ·’

123 2576 193 2652 Quo
207 2598 260 2640 me
281 2597 351 2641 cum
375 2598 414 2643 ue
431 2577 517 2665 rapit
538 2580 724 2662 tempestas,
747 2576 786 2642 de
800 2598 873 2642 eron
894 2575 1020 2662 hospes.
1054 2590 1087 2639 15
1183 2576 1185 2579 ’
1222 2576 1282 2665 4⁵13ss

125 2660 218 2726 Nunc
240 2661 334 2746 agilis
353 2598 398 2725 io
420 2662 452 2726 et
471 2682 594 2727 mersor
615 2662 761 2727 civilibus
782 2662 891 2745 undis,
1153 2710 1155 2713 ψ
1196 2666 1282 2731 ᾸῬ-,ὲ

122 2743 260 2809 Virtutis
281 2766 373 2810 verae
395 2748 502 2810 custos
524 2745 710 2831 rigidusque
731 2745 871 2811 satelles·

122 2827 218 2895 Nunc
238 2828 275 2892 in
295 2828 453 2913 Aristippi
474 2829 584 2893 furtim
604 2832 774 2914 praecepta
793 2795 933 2910 relabor,

122 2910 166 2978 llt
186 2911 267 2977 mihi
288 2933 355 2996 res,
377 2934 444 2978 non
464 2935 516 2978 me
536 2913 631 2978 rebus
654 2913 847 2999 subiungere
866 2933 974 2979 conor.

122 2994 168 3060 Vt
187 3018 254 3062 nox
275 2997 374 3081 longa
395 2997 509 3081 quibus
531 2997 684 3063 mentitur
705 2997 823 3080 amica,
847 2996 977 3081 diesque
1052 3010 1088 3059 ao
1149 2992 1172 3057 ᾖ

122 3078 192 3145 Lon
216 3080 381 3145 evidetur
402 3101 482 3165 opus
504 3081 707 3164 debentibus,
729 3084 765 3145 ut
784 3081 878 3166 piger
899 3101 1002 3145 annus
1133 3126 1135 3131 .
1173 3082 1177 3097 ³
1199 3070 1276 3161 ’χ

122 3103 274 3248 Popillia
297 3184 377 3248 quos
399 3163 477 3229 dura
495 3167 614 3263 premit
635 3165 780 3231 custodia
801 3168 953 3230 matrum:

123 3247 175 3314 sie
186 3248 268 3313 mihi
277 3248 370 3313 tarda
379 3247 680 3347 fluuntmgrataque
689 3253 842 3333 tempora,
854 3269 934 3331 quae
946 3268 1034 3330 spem
1123 3230 1280 3341 “re

123 3331 363 3416 Consiliumque
383 3336 549 3397 morantur
566 3333 683 3419 egendi
704 3333 849 3419 gnaviter
869 3330 902 3395 id
924 3331 1008 3415 quod
1110 3326 1116 3385 ζ
1138 3338 1257 3431 ”23

120 3416 233 3501 Aeque
254 3416 447 3564 pauperibus
468 3417 614 3514 prodest,
636 3416 847 3514 locupletibus
869 3435 981 3511 aeque,
1053 3426 1278 3534 2⁶33-

120 3500 233 3584 Aeque
254 3521 320 3585 neg
332 3504 437 3566 ectum
457 3521 564 3584 pueris
585 3501 775 3585 sembusque
795 3498 933 3565 noceb1t.
1091 3552 1092 3555 ,
1115 3516 1274 3566 Μ-ς,
